@STRING{AG="Ann. Geophys."}
@STRING{AM="Am. Mineral."}
@STRING{APL="Appl. Phys. Lett."}
@STRING{BSSA="Bull. Seismol. Soc. Am."}
@STRING{BERI="Bull. Earthq. Res. Inst."}
@STRING{CMP="Contrib. Mineral. Petrol."}
@STRING{EOS="Eos Trans. AGU"}
@STRING{EPSL="Earth Planet. Sci. Lett."}
@STRING{GAFD="Geophys. Astrophys. Fluid Dyn."}
@STRING{GMO="Geophys. Monogr. Ser."}
@STRING{GCA="Geochim. Cosmochim. Acta"}
@STRING{GEO="Geophysics"}
@STRING{GJ="Geophys. J."}
@STRING{GJI="Geophys. J. Int."}
@STRING{GJras="Geophys. J. R. Astron. Soc."}
@STRING{GRL="Geophys. Res. Lett."}
@STRING{GSAB="Geol. Soc. Am. Bull."}
@STRING{GTOD="Geol. Soc. Am. Today"}
@STRING{HTHP="High Temp. High Pressures"}
@STRING{IUGG="IUGG symposium"}
@STRING{JAS="J. Astronaut. Sci."}
@STRING{JASA="J. Acoust. Soc. Am."}
@STRING{JCP="J. Chem. Phys."}
@STRING{JCOP="J. Comput. Phys."}
@STRING{JFM="J. Fluid Mech."}
@STRING{JGR="J. Geophys. Res."}
@STRING{JP="J. Petrology."}
@STRING{JPE="J. Phys. Earth"}
@STRING{MG="Mar. Geod."}
@STRING{MCP="Methods in computational physics"}
@STRING{MGSA="Mem. Geol. Soc Am."}
@STRING{NAT="Nature"}
@STRING{PCI="Phys. Chem. Int."}
@STRING{PCM="Phys. Chem. Min."}
@STRING{PRL="Phys. Rev. Lett."}
@STRING{PEPI="Phys. Earth Planet. Inter."}
@STRING{RG="Rev. Geophys."}
@STRING{RGSP="Rev. Geophys. Space Phys."}
@STRING{SCI="Science"}
@STRING{TC="Terra Cognita"}
@STRING{TECT="Tectonics"}
@STRING{TECTp="Tectonophysics"}
@STRING{WM="Wave Motion"}


@article{Aki69,
   author    = {Aki, K.},
   title     = {Analysis of the seismic coda of local earthquakes as scattered
waves},
   journal   = JGR,
   pages     = {615-618},
   year      = {1969},
   volume    = {74}
}


@article{AkiChouet75,
   author    = {Aki, K. and B. Chouet},
   title     = {Origin of the coda waves : {S}ource, attenuation and scattering
effects},
   journal   = JGR,
   pages     = {3322-3342},
   year      = {1975},
   volume    = {80}
}


@incollection{Aki81,
   author    = {K. Aki},
   editor    = {E.S. Husebye and S. Mykkeltveit},
   title     = {Attenuation and scattering of short-period seismic waves in the
       lithosphere},
   booktitle = {Identification of Seismic sources-- earthquake or underground explosion},
   pages     = {515-541},
   year      = {1981},
   publisher = {Reidel},
   address   = {Dordrecht}
}


@book{AkiRichards1980,
   author    = {Aki, K. and Richards, P.},
   title     = {Quantitative Seismology: Theory and Methods.},
   year      = 1980 ,
   publisher = {Freeman, San Francisco.}
}


@article{Altetal70,
   author    = {Z. Alterman and J. Aboudi and F.C. Karal},
   title     = {Pulse propagation in a laterally heterogeneous solid elastic sphere},
   journal   = {Geophys. J. R. Astr. Soc.},
   pages     = {243-260},
   year      = {1970},
   volume    = {21}
}


@article{Anderson1968,
   author    = {Anderson, O. L. and  Schreiber, E. and  Lieberman ,R. C.  and
       Soga, N.},
   title     = {Some elastic constant data on minerals relevant to geophysics},
   journal   = {Rev. Geophys. Space Phys.},
   pages     = {491--524},
   year      = 1968,
   volume    = {6}
}


@article{BabDor81,
   author    = {I. Babu\v{s}ka and M.R. Dorr},
   title     = {Error estimates for the combined $h$ and $p$ version of the finite element
       method},
   journal   = {Num. Math.},
   pages     = {257-277},
   year      = {1981},
   volume    = {37}
}


@article{Babetal81,
   author    = {I. Babus\v{s}ka and B.A. Szab\'{o} and I.N. Katz},
   title     = {The $p$ version of the finite element method},
   journal   = {{SIAM} J. Num. Anal.},
   pages     = {512-545},
   year      = {1981},
   volume    = {18}
}


@article{BacGil61,
   author    = {G.E. Backus and J.F. Gilbert},
   title     = {The rotational splitting of the free oscillations of the {E}arth},
   journal   = {Proc. Natl. Acad. Sci. U.S.A.},
   pages     = {362-371},
   year      = {1961},
   volume    = {47}
}


@article{Backus1962,
   author    = {Backus, G.E.},
   title     = {Long-Wave Elastic Anisotropy Produced by Horizontal Layering},
   journal   = JGR,
   pages     = {4427--4440},
   year      = {1962},
   volume    = {67},
   number    = {11}
}


@article{Backer1976,
   author    = {Backer, G.A.},
   title     = {Error estimates for the finite element method for second order
       hyperbolic equations},
   journal   = {SIMA J. Num. Anal.},
   pages     = {564--575},
   year      = 1976,
   volume    = 13
}


@article{Boutin2006,
  author = 	 {Boutin, Claude and Roussillon, Pierre},
  title = 	 {Wave propagation in presence of oscillators on the free surface},
  journal = 	 {Int. J. Engrg. Sci.},
  year = 	 {2006},
  volume = 	 {44},
  pages = 	 {180-204}
}


@article{CRUST2,   
  author = 	 {C. Bassin and Laske, G. and Masters, G.},
  title = 	 {The Current Limits of Resolution for Surface Wave Tomography in North {A}merica}, 
  journal = 	 {EOS Trans AGU},
  year = 	 {2000},
  volume = 	 {81},
  pages = 	 {F897},
}


@article{Bayetal86,
   author    = {A. Bayliss and K.E. Jordan and B.J. Le{M}esurier and E. Turkel},
   title     = {Afourth-order accurate finite difference scheme for the computation of
       elastic waves},
   journal   = {Bull. Seism. Soc. Am.},
   pages     = {1115-1132},
   year      = {1986},
   volume    = {76}
}


@phdthesis{Bel93,
   author    = {F. {Ben Belgacem}},
   title     = {Discr\'etisations 3{D} non conformes par la m\'ethode de
       d\'ecomposition de domaine des
       \'el\'ements avec joints : analyse math\'ematique et mise en oeuvre pour le
       probl\`eme de {P}oisson},
   year      = {1993},
   school    = {Université Pierre et Marie Curie},
   type      = {Th\`ese de doctorat}
}


@article{Bel99,
   author    = {F. {Ben Belgacem}},
   title     = {The mortar finite element method with {L}agrange multipliers},
   journal   = {Num. Math},
   pages     = {173-197},
   year      = {1999},
   volume    = {84}
}


@article{BelMad94,
   author    = {F. {Ben Belgacem} and Y. Maday},
   title     = {A spectral element methodology tuned to parallel
       implementations},
   journal   = {Comput. Methods Appl. Mech. Engrg.},
   pages     = {59-67},
   year      = {1994},
   volume    = {116}
}


@article{Bensen07,
   author    = {Bensen, G. D. and Ritzwoller, M. H. and Barmin, M. P. and Levshin, A.
L. and Lin, F. and Moschetti, M. P. and Shapiro, N. M. and Yang, Y.},
   title     = {Processing seismic ambient noise data to obtain reliable
broad-band surface wave dispersion measurements},
   journal   = GJI,
   pages     = {1239-1260, doi:10.1111/j.1365-246X.2007.03374.x},
   year      = {2007},
   volume    = {169}
}


@article{Bensen08,
   author    = {Bensen, G. D. and Ritzwoller, M. H. and Barmin, M. P. and Levshin, A.
L. and Lin, F. and Moschetti, M. P. and Shapiro, N. M. and Yang, Y.},
   title     = {Broad-band ambient noise surface wave tomography across the United States},
   journal   = JGR,
   pages     = {B05306, doi:10.1029/2007JB005248},
   year      = {2008},
   volume    = {113}
}


@article{Berenger94,
   author    = {Bérenger, J.-P.},
   title     = {A {P}erfectly {M}atched {L}ayer for the absorption of
electromagnetic waves},
   journal   = JCOP,
   pages     = {185-200},
   year      = {1994},
   volume    = {127}
}


@book{BerMad92,
   author    = {C. Bernardi and Y. Maday},
   title     = {Approximations spectrales de probl\`emes aux limites elliptiques},
   year      = {1992},
   publisher = {Springer-Verlag},
   address   = {Paris}
}


@incollection{Beretal94,
   author    = {C. Bernardi and Y. Maday and A. T. Patera},
   editor    = {H. Brezis and J.L. Lions},
   title     = {A new nonconforming approach to domain decomposition: the
       mortar element method},
   booktitle = {Nonlinear Partial Differential Equations and Their
       Applications},
   pages     = {13-51},
   year      = {1994},
   publisher = {Pitman and Wiley},
   address   = {New York},
   adress    = {New York}
}


@article{BielakChristiano84,
 author = {Bielak, J and Christiano, Paul},
 title = {On the effective seismic input for non-linear soil-structure
interaction systems},
 journal = {Earthquake Eng. Struct. Dyn.},
 year = 1984,
 volume = 12,
 pages = {107-119}
}


@article{Bielak1988,
   author    = {Barry, A. and Bielak, J. and Mac{C}amy, R. C.},
   title     = {On {A}bsorbing {B}oundary {C}onditions for {W}ave
       {P}ropagation.},
   journal   = JCOP,
   pages     = {449--468},
   year      = 1988,
   volume    = {79}
}


@article{Bostock1991,
   author    = {Bostock, M. G.},
   title     = {Surface wave scattering from 3-{D} obstacles.},
   journal   = GJI,
   pages     = {351--370},
   year      = 1991,
   volume    = {104}
}


@article{Bozdag2008,
   author    = {E. Bozdag and J. Trampert},
   title     = {On crustal corrections in surface wave tomography},
   journal   = GJI,
   pages     = {1066-1082, doi: 10.1111/j.1365-246X.2007.03690.x},
   year      = 2008,
   volume    = {172}
}


@article{Bozdag2010,
   author    = {E. Bozdag and J. Trampert},
   title     = {Assessment of tomographic mantle models using spectral element
seismograms},
   journal   = GJI,
   pages     = {1187-1199, doi: 10.1111/j.1365-246X.2009.04468.x},
   year      = 2010,
   volume    = {180}
}


@article{Bouchon1979,
   author    = {Bouchon, M.},
   title     = {Discrete wavenumber representation of elastic wave fields in
       three dimensions},
   journal   = JGR,
   pages     = {3609--3614},
   year      = 1979,
   volume    = 84
}


@article{Breger1998,
   author    = {Br\'eger, L.  and B. Romanowicz},
   title     = {Thermal and chemical 3{D} heterogeneity in {D}"},
   journal   = SCI,
   pages     = {718--720},
   year      = 1998,
   volume    = {282}
}


@Article{Breger1998b,
  author = 	 {Br\'eger, L. and B. Romanowicz and L. Vinnik},
  title = 	 {Tests of tomographic models in D'' using differential travel times},
  journal = 	 GRL,
  year = 	 {1998},
  volume = 	 {25},
  pages = 	 {5-8}
}


@article{Breger2000,
   author    = {Br\'eger, L. and H. Tkal{$\rm\check{c}$}i\'c and B. Romanowicz},
   title     = {The effect of {D}" on {PKP(AB--DF)} travel time residuals
       and possible implications for the inner core structure},
   journal   = EPSL,
   pages     = {133--143},
   year      = {2000},
   volume    = {175}
}


@article{Brenguier07a,
   author    = {F. Brenguier and N. M. Shapiro and M. Campillo and A.
Nercessian and V. Ferrazinni},
   title     = {3{D} surface wave tomography of the {P}iton de la {F}ournaise
volcano using seismic noise correlation},
   journal   = GRL,
   pages     = {L02305, doi:10.1029/2006GL028586},
   year      = {2007},
   volume    = {34}
}


@article{Brenguier08,
   author    = {Brenguier, F. and N. M. Shapiro and M. Campillo and V.
Ferrazinni and Z. Duputel and O. Coutant and A. Nercessian},
   title     = {Toward forecasting volcanic eruptions using seismic noise},
   journal   = NAT,
   year      = {2008},
   pages     = {doi:10.1038/ngeo104}
}


@Book{Bullen1963,
  author = 	 {Bullen, K. E.},
  title = 	 {An Introduction to the theory of seismology},
  publisher = 	 {Cambridge University Press, Cambridge},
  year = 	 {1963}
}


@article{BurKnop64,
   author    = {Burridge, R. and L. Knopoff},
   title     = {Body force equivalents for seismic dislocations},
   journal   = BSSA,
   pages     = {1875-1888},
   year      = 1964,
   volume    = {54}
}


@article{CampPaul03,
   author    = {Campillo, M. and A. Paul},
   title     = {Long-range correlations in the diffuse seismic coda},
   journal   = SCI,
   pages     = {547-549},
   year      = 2003,
   volume    = {299}
}


@book{Canuto,
   author    = {Canuto, C. and M.Y. Hussaini and A. Quarteroni and T.A. Zang}, 
   title     = {Spectral Method in Fluis Dynamics}, 
   year      = 1987,
   publisher = {Springer Verlag, Berlin}
}


@inproceedings{Capdeville1997,
   author    = {Capdeville, Y. and Stutzmann, E. and Montagner, J. P.},
   title     = {Effect of mantle plume on surface waves and normal modes},
   booktitle = {IASPEI 1997, Thessaloniki, Greece, Abstracts},
   pages     = {245},
   year      = {1997}
}


@article{Capdeville2000,
   author    = {Capdeville, Y. and Stutzmann, E. and Montagner, J. P},
   title     = {Effect of a plume on long period surface waves computed with
       normal modes coupling},
   journal   = PEPI,
   pages     = {57--74},
   year      = 2000,
   volume    = {119}
}


@phdthesis{Capdevil2000b,
   author    = {Capdeville, Y.},
   title     = {M\'ethode coupl\'ee \'el\'ements spectraux -- solution modale
       pour la propagation d'ondes dans la Terre \`a l'\'echelle globale},
   year      = {2000},
   school    = {Universit\'e Paris 7}
}


@article{Capdevil03,
   author    = {Capdeville, Y. and E. Chaljub and J. P. Vilotte and Montagner, J. P},
   title     = {Coupling the {S}pectral {E}lement {M}ethod with a modal solution for
 Elastic Wave Propagation in Global {E}arth Models}, 
   journal   = GJI,
   pages     ={34--66},
   volume    ={152},
   year      = {2003}
}


@article{Capdeville2002,
   author    = {Capdeville, Y. and C. Larmat and J. P. Vilotte and Montagner, J. P},
   title     = {Direct numerical simulation of the scattering induced by a
 localized plume like using a coupled {S}pectral {E}lement and modal solution},
   journal   = GRL,
   volume    = {29, No. 9}, 
   pages     = {10.1029/2001GL013747},
   year      = {2002}
}


@article{Capdeville2003b,
   author    = {Capdeville, Y. and B. Romanowicz and A. To},
   title     = {Coupling {S}pectral {E}lements and Modes in a spherical earth: an
extension to the ``sandwich" case},
   journal   = GJI,
   volume    = 154,
   pages     = {44-57},
   year      = {2003}
}


@article{Capdeville2007,
   author    = {Capdeville, Y. and J.J. Marigo},
   title     = {Second order homogenization of the elastic wave equation for non-periodic 
layered media},
   journal   = GJI,
   pages     = {823-838},
   volume    = 170,
   year      = {2007}
}


@article{Capdeville2008,
   author    = {Capdeville, Y. and J.J. Marigo},
   title     = {Shallow layer correction for Spectral Element like methods},
   journal   = GJI,
   pages     = {1135-1150},
   volume    = 172,
   year      = {2008}
}


@article{Capdevil05,
   author    = {Capdeville, Y. and Y. Gung and B. Romanowicz},
   title     = {Towards global earth tomography using the {S}pectral {E}lement
{M}ethod: a technique based on source stacking},
   journal   = GJI,
   pages     = {541-554},
   volume    = 162,
   year      = {2005}
}


@article{CarWan93,
   author    = {J.M. Carcione and P.J. Wang},
   title     = {A {C}hebyshev collocation method for the wave equation in generalized coordinates},
   journal   = {Comp. Fluid. Dyn. J.},
   pages     = {269-290},
   year      = {1993},
   volume    = {2}
}


@article{homo2D_PSV,
   author    = {Y. Capdeville and L. Guillot and J.J. Marigo},
   title     = {2-{D} nonperiodic homogenization to upscale elastic media for
{P-SV} waves},
   journal   = GJI,
   pages     = {903-922, doi: 10.1111/j.1365-246X.2010.04636.x},
   volume    = {182},
   year      = {2010}
}


@article{homo2D_SH,
   author    = {L. Guillot and Y. Capdeville and J.J. Marigo},
   title     = {2-{D} nonperiodic homogenization of the elastic wave equation:
{SH} case},
   journal   = GJI,
   pages     = {1438-1454, doi: 10.1111/j.1365-246X.2010.04688.x},
   volume    = {182},
   year      = {2010}
}


@incollection{Casarotti08,
 author = {Casarotti, Emanuele and Stupazzini, Marco and Lee, Shiann and
Komatitsch, Dimitri and Piersanti, Antonio and Tromp, Jeroen},
 title = {{CUBIT} and Seismic Wave Propagation Based Upon the Spectral-Element
Method: An Advanced Unstructured Mesher for Complex 3{D} Geological Media },
 booktitle = {Proceedings of the 16th International Meshing Roundtable},
 editor = {Brewer, Michael L. and Marcum, David},
 publisher = {Springer Berlin Heidelberg},
 isbn = {978-3-540-75103-8},
 keyword = {Engineering},
 pages = {579-597},
 year = {2008}
}


@article{Cazenave1989,
   author    = {Cazenave, A. and Souriau, A. and Dominh, K.},
   title     = {Global coupling of {E}arth surface topography with hotspots,
       geoid and mantle heterogeneities},
   journal   = {NAT},
   pages     = {54--57},
   year      = 1989,
   volume    = {340}
}


@book{Cerveny2001,
   author    = {V. \~{C}erven\'{y}},
   title     = {Seismic ray theory},
   year      = {2001},
   publisher = {Cambridge University Press, Cambridge, UK}
}


@article{Chaljub1997,
   author    = {Chaljub, E. and A. Tarantola},
   title     = {Sensitivity of {SS} precursor to topography on the
       upper--mantle 660-km discontinuity},
   journal   = GRL,
   pages     = {2613--2616},
   year      = 1997,
   volume    = {24}
}


@book{Chaljub2000,
   author    = {Chaljub, E.},
   title     = {Mod\`elisation num\'erique de la propagation d'ondes sismiques \`a
       l'\'echelle du globe},
   year      = {2000},
   publisher = {Ph. D. thesis, {U}niversit\'e {P}aris 7}
}
@string{manuURL="\htmladdnormallink{http://www.ipgp.jussieu.fr/dept-sce/dmpn/Chaljub/index.html}
{http://www.ipgp.jussieu.fr/dept-sce/dmpn/Chaljub/index.html}"}
@book{Chaljub2000online,
   author    = {Chaljub, E.},
   title     = {Mod\`elisation num\'erique de la propagation d'ondes sismiques \`a
       l'\'echelle du globe},
   year      = {2000},
   publisher = {Ph. D. thesis, {U}niversit\'e {P}aris 7},
   note      = "Available on " # manuURL
}


@article{Chaljub03,
   author    = {E. Chaljub and Y. Capdeville and J.P. Vilotte},
   title     = {Solving elastodynamics in a fluid-solid heterogeneous sphere: a
parallel spectral element approximation on non-conforming grids},
   journal   = {J. Comp. Physics},
   year      = {2003},
   pages     = {457-491},
   volume    = {183}
}


@article{Chaljub04,
   author    = {E. Chaljub and B. Valette},
   title     = {Spectral element modelling of three-dimensional wave propagation
in a self-gravitating {E}arth with an arbitrarily strati¿ed outer core},
   journal   = GJI,
   year      = {2004},
   pages     = {131-141},
   volume    = {183}
}


@INCOLLECTION{ChKoViCaVaFe07,
  author = {Emmanuel Chaljub and Dimitri Komatitsch and Jean-Pierre Vilotte and
	Yann Capdeville and Bernard Valette and Gaetano Festa},
  title = {Spectral element Analysis in Seismology},
  booktitle = {Advances in Wave Propagation in Heterogeneous Media},
  publisher = {Elsevier - Academic Press},
  year = {2007},
  editor = {Ru-Shan Wu and Val\'erie Maupin},
  volume = {48},
  series = {Advances in Geophysics},
  pages = {365-419}
}


@article{Chaljub10,
   author    = {Emmanuel Chaljub and Peter Moczo and Seiji Tsuno and
Pierre-Yves Bard and Jozef Kristek and Martin K\"aser and Marco Stupazzini and
Miriam Kristekova},
   title     = {Quantitative Comparison of Four Numerical Predictions of 3{D}
Ground Motion in the {G}renoble Valley, {F}rance},
   journal   = BSSA,
   year      = {2010},
   pages     = {1427-1455},
   volume    = {100(4)}
}


@article{Chapman1978,
  author = 	 {Chapman, C.H.},
  title = 	 {A new method for computing synthetic seismograms},
  journal = 	 GJras,
  year = 	 {1978},
  volume = 	 {54},
  pages = 	 {481-518},
}


@article{ChenJGR07,
   author    = {M. Chen and J. Tromp and D. Helmberger and H. Kanamori},
   title     = {Waveform modeling of the slab beneath {J}apan},
   journal   = JGR,
   pages     = {B02305, doi:10.1029/2006JB004394},
   year      = {2007},
   volume    = {112}
}


@article{ChenGJI07,
   author    = {P. Chen and T. H. Jordan and L. Zhao },
   title     = {Full three-dimensional tomography: a comparison between
the scattering-integral and adjoint-wavefield methods},
   journal   = GJI,
   pages     = {175-181},
   year      = {2007},
   volume    = {170}
}


@article{Cheetal98a,
   author    = {S. Chevrot and J.P. Montagner and R. Sneider},
   title     = {The spectrum of tomographic earth models},
   journal   = GJI,
   pages     = {733-788},
   year      = {1998},
   volume    = {133}
}


@article{Cheetal98b,
   author    = {S. Chevrot and J.P. Montagner and R. Sneider},
   title     = {Corrigendum, `{T}he spectrum of tomographic models},
   journal   = GJI,
   pages     = {311},
   year      = {1998},
   volume    = {135}
}


@article{Cho07,
   author    = {Cho, K.H. and R. B. Herrmann and C. J. Ammon and K. Lee},
   title     = {Imaging the Upper Crust of the Korean Peninsula by Surface-Wave
Tomography},
   journal   = BSSA,
   pages     = {198-207},
   year      = {2007},
   volume    = {67}
}


@article{Choblet2005,
  author = 	 {G. Choblet},
  title = 	 {Modelling thermal convection with large 
viscosity gradients in one block of the `cubed sphere'}, 
  journal = 	 JCOP,
  year = 	 {2005},
 volume = 	 {205},
  pages = 	 {269--291}
}


@article{ClaytonComer83,
   author    = {Clayton, R. W. and Comer, R.P.},
   title     = {A tomographic analysis of mantle heterogeneities from body wave travel times (abstract).},
   journal   = EOS, 
   pages     = {776},
   year      = 1983, 
   volume    = {62}  
}


@article{Clevede2000,
   author    = {Eric Cl\'ev\'ed\'e and Charles M\'egnin and Barbara Romanowicz and Philippe Lognonn\'e},
   title     = {Seismic waveform modeling and surface wave tomography in a three-dimensional Earth:
       asymptotic and non-asymptotic approaches},
   journal   = {Phys. Earth Planet. Int.},
   pages     = {37--56},
   year      = {2000},
   volume    = {119}
}


@article{ClevedeLognonne1996,
   author    = {Cl\'ev\'ed\'e, E. and Lognonn\'e, P.},
   title     = {Fr\'echet derivatives of coupled seismograms
       with to an anelastic rotating earth},
   journal   = GJI,
   pages     = {456--482},
   year      = 1996,
   volume    = {124}
}


@book{Cohen-Tannoudji1977,
   author    = {Cohen-Tannoudji, C. and Diu, B. and  Lalo\"e, F.},
   title     = {M\'ecanique Quantique},
   year      = 1977 ,
   publisher = {Hermann, Paris, and John Wiley and Sons, New-York.}
}


@article{Colin06a,
   author    = {Colin de Verdière, Y.},
   title     = {Mathematical models for passive imaging, 
{I}: general background},
   year      = {2006},
   url       = {http://fr.arxiv.org/abs/math-ph/0610043/}
}


@article{Colin06b,
   author    = {Colin de Verdière, Y.},
   title     = {Mathematical models for passive imaging, 
{II}: effective Hamiltonians associated to surface waves},
   year      = {2006},
   url       = {http://fr.arxiv.org/abs/math-ph/0610043/}
}


@article{Collino01,
   author    = {F. Collino and Tsogka, C.},
   title     = {Application of the {PML} absorbing layer model to the linear
elastodynamic problem in anisotropic hetrogeneous media},
   journal   = GEO,
   pages     = {294-307},
   year      = {2001},
   volume    = {66(1)}
}


@article{Creager1997,
   author    = {K. C. Creager},
   title     = {Inner Core Rotation Rate from small--scale 
       heterogeneity and time--varying travel times},
   journal   = SCI,
   pages     = {1284--1288},
   year      = {1997},
   volume    = {278}
}


@article{Cum92,
   author    = {P.R. Cummins},
   title     = {Seismic body waves in a 3D, slightly aspherical {E}arth: {I}. {T}esting
       the {B}orn approximation},
   journal   = {Geophys. J. Int.},
   pages     = {391-410},
   year      = {1992},
   volume    = {109}
}


@article{Cumetal94a,
   author    = {P.R. Cummins and R.J. Geller and T. Haori and N. Takeuchi},
   title     = {{DSM} complete synthetic seismograms: {SH}, spherically symmetric
       case},
   journal   = {Geophys. Res. Lett.},
   pages     = {533-536},
   year      = {1994},
   volume    = {21}
}


@article{Cumetal94b,
   author    = {P.R. Cummins and R.J. Geller and N. Takeuchi},
   title     = {{DSM} complete synthetic seismograms: {P-SV}, spherically symmetric
       case},
   journal   = {Geophys. Res. Lett.},
   pages     = {1663-1666},
   year      = {1994},
   volume    = {21}
}


@article{Cummins1997,
   author    = {Phil R. Cummins and Noomu Takeuchi and Robert J. Geller},
   title     = {Computation of complete synthetic seismograms for
       laterally heterogeneous models using the {D}irect
       {S}olution {M}ethod},
   journal   = GJI,
   pages     = {1--16},
   year      = {1997},
   volume    = {130}
}


@article{RegSEM2012,
   author    = {P. Cupillard and E. Delavaud and G. Burgos and G. Festa and J.-P. Vilotte and Y.
Capdeville and J.-P. Montagner},
   title     = {Reg{SEM}: a versatile code based on the {S}pectral {E}lement {M}ethod to compute
seismic wave propagation at the regional scale},
   journal   = GJI,
   pages   = {1203Ð1220, doi: 10.1111/j.1365-246X.2011.05311.x},
   volume = {188},
   year      = {2012}
}


@article{CupCap10,
   author    = {Cupillard, P. and Y. Capdeville},
   title     = {On the amplitude of surface waves obtained by noise correlation
and the capability to recover the attenuation: a numerical approach},
   journal   = GJI,
   pages     = {1687-1700, doi: 10.1111/j.1365-246X.2010.04586.x},
   year      = {2010},
   volume    = {181}
}


@article{Curtis98,
   author    = {Curtis, A. and B. Dost and J. Trampert and R. Snieder},
   title     = {Eurasian fundamental mode surface wave phase velocities
and their relationship to tectonic structures},
   journal   = JGR,
   year      = {1998},
   pages     = {26,919-26,947},
   volume    = {103}
}


@article{Dab86,
   author    = {M.A. Dablain},
   title     = {The application of high-order differencing to the scalar wave equation},
   journal   = {Geophysics},
   pages     = {54-66},
   year      = {1986},
   volume    = {51}
}


@article{Dah68,
   author    = {F.A. Dahlen},
   title     = {The normal modes of a rotating elliptical {E}arth},
   journal   = {Geophys. J. R. Astr. Soc.},
   pages     = {329-367},
   year      = {1968},
   volume    = {16}
}


@article{Dah69,
   author    = {F.A. Dahlen},
   title     = {The normal modes of a rotating elliptical {E}arth},
   journal   = {Geophys. J. R. Astr. Soc.},
   pages     = {397-436},
   year      = {1969},
   volume    = {18}
}


@article{Dah72,
   author    = {F.A. Dahlen},
   title     = {Elastic dislocation theory for a self-gravitating elastic configuration
       with an initial stress field},
   journal   = {Geophys. J. R. Astr. Soc.},
   pages     = {357-383},
   year      = {1972},
   volume    = {28}
}


@article{Dah73,
   author    = {F.A. Dahlen},
   title     = {Elastic dislocation theory for a self-gravitating elastic configuration
       with an initial static stress field; {II}, {E}nergy release},
   journal   = {Geophys. J. R. Astr. Soc.},
   pages     = {469-483},
   year      = {1973},
   volume    = {31}
}


@article{Dah87,
   author    = {T.A. Dahlen},
   title     = {Multiplet coupling and the calculation of synthetic long-period
       seismograms},
   journal   = {Geophys. J. R. Astr. Soc.},
   pages     = {241-254},
   year      = {1987},
   volume    = {91}
}


@book{Dahlen1998,
   author    = {Dahlen, F. A. and Tromp, J.},
   title     = {Theoretical {G}lobal {S}eismology},
   year      = 1998 ,
   publisher = {Princeton University Press. NJ}
}


@article{Dahlen2000,
  author = 	 {Dahlen, F.A. and S.-H. Hung and G. Nolet},
  title = 	 {Frechet kernels for finite-frequency traveltimes -- {I}. Theory},
  journal = 	 GJI,
  year = 	 {2000},
  volume = 	 {141},
  pages = 	 {157-174}
}


@article{Debayle05,
  author =       {Dedayle, E. and B. Kennett and K. Priestley},
  title =        {Global azimuthal seismic anisotropy and the unique plate-motion deformation of Australia},
  journal =      NAT,
  year =         {2005},
  volume =       {433},
  pages =        {509-512}
}


@inproceedings{Delavaud06,
   author    = {E. Delavaud and P. Cupillard and G. Festa and J. P. Vilotte},
   title     = {3{D} {S}PECTRAL {E}LEMENT {M}ETHOD SIMULATIONS OF THE SEISMIC
RESPONSE IN THE {C}ARACAS BASIN},
   booktitle = {Proc. of the Third International Symposium on the Effects of
Surface Geology on Seismic Motion},
   pages     = {515-522},
   year      = {2006},
   address   = {Grenoble, France},
}


@book{Delavaud07,
   author    = {Delavaud, E.},
   title     = {Simulation numérique de la propagation d'ondes en milieu
géologique complexe : application à l'évaluation de la réponse sismique du
bassin de Caracas (Vénézuela)},
   year      = {2007},
   publisher = {Ph. D. thesis, {U}niversit\'e {P}aris 7}
}


@Article{Derode99,
  author =       {Derode, A. and A. Tourin and M. Fink},
  title =        {Ultrasonic pulse compression with one-bit time reversal
through multiple scattering},
  journal =      {J. Appl. Phys.},
  year =         {1999},
  volume =       {85},
  pages =        {6343-6352}
}


@Article{Derode03,
  author =       {Derode, A. and E. Larose and M. Tanter and J. de Rosny and A.
Tourin and M. Campillo and M. Fink},
  title =        {Recovering the {G}reen's function from field-field
correlations in an open scattering medium ({L})},
  journal =      JASA,
  year =         {2003},
  volume =       {113},
  pages =        {2973-2976}
}


@book{Deville,
   author    = {Deville, M. O. and P.F Fisher and E.H. Mund},
   title     = {High-Order Methods for Incompressible Fluid Flow},
   year      = 2002,
   publisher = {Cambridge Monographs on Applied and Computational mathematics}
}


@book{DhattTouzot84,
   author    = {Dhatt, G. and G. Touzot},
   title     = {The Finite Element Methos Displayed},
   year      = 1984,
   publisher = {J. Wiley and sons, New York}
}


@article{DinHel97,
   author    = {X. Ding and D.V. Helmberger},
   title     = {Modeling {D}" structurebeneath {C}entral {A}merica with broadband
       seismic data},
   journal   = {Phys. Earth. Planet. Int.},
   pages     = {245-270},
   year      = {1997},
   volume    = {101}
}


@Article{Draeger99a,
  author =       {Draeger, C. and M. Fink},
  title =        {One-channel time-reversal in chaotic cavities: {T}heoretical
limits},
  journal =      JASA,
  year =         {1999},
  volume =       {105},
  pages =        {611-617}
}


@article{Dupond1973,
   author    = {Dupond, T.},
   title     = {A $L^2$ estimate of {G}alerkin methods for second order
       hyperbolic equations},
   journal   = {SIMA J. Num. Anal.},
   pages     = {880--891},
   year      = 1973,
   volume    = {10}
}


@article{Duvall93,
   author    = {Duvall, T. L. and S. M. Jefferies and J.W. Harvey and M. A.
Pomerantz},
   title     = {Time-distance helioseismology},
   journal   = NAT,
   pages     = {430-432},
   year      = 1993,
   volume    = {362}
}


@article{Dzi95,
   author    = {A.M. Dziewonski},
   title     = {Global seismic tomography of the mantle},
   journal   = {Rev. Geophys.},
   pages     = {419-423},
   year      = {1995},
   volume    = {33},
   note      = {Supplement}
}


@article{PREM,
   author    = {Dziewonski, A. M. and Anderson, D. L.},
   title     = {Preliminary reference {E}arth model},
   journal   = PEPI,
   pages     = {297--356},
   year      = 1981,
   volume    = {25}
}


@book{Edmonds1960,
   author    = {Edmonds, A. R.},
   title     = {Angular {M}omentum and {Q}uantum {M}echanics},
   year      = 1960 ,
   publisher = {Princeton {U}niversity {P}ress, NJ}
}


@article{EmmerichKorn87,
   author    = {Emmerich, H. and M. Korn},
   title     = {Incorporation of attenuation into time-domain computations
of seismic wave fields},
   journal   = GEO,
   pages     = {1252-1264},
   year      = {1987},
   volume    = {52}
}


@article{Ekstrometal97,
   author    = {Ekström, G. and Tromp, J. and Larson, E. W. F.},
   title     = {Measurements and global models of surface waves},
   journal   = JGR,
   pages     = {8137-8157},
   year      = {1997},
   volume    = {102}
}


@article{Faccioli96,
   author    = {E. Faccioli and F. Maggio and A. Quarteroni and A. Tagliani},
   title     = {Spectral-domain decomposition methods for the solution of acoustic and elastic wave equations},
   journal   = {Geophysics},
   pages     = {1160-1174},
   year      = {1996},
   volume    = {61:4}
}


@article{Facetal97,
   author    = {E. Faccioli and F. Maggio and R. Paolucci and A. Quarteroni},
   title     = {2{D} and 3{D} elastic wave propagation by a pseudospectral
       domain decomposition method},
   journal   = {J. Seismology},
   pages     = {237-251},
   year      = {1997},
   volume    = {1}
}


@article{Farnetani1995,
   author    = {Farnetani, C. G. and Richards, M. A.},
   title     = {Thermal entrainment and melting in mantle plumes},
   journal   = EPSL,
   pages     = {251--267},
   year      = 1995,
   volume    = {136}
}


@article{Farnetani1997,
   author    = {Farnetani, C. G.},
   title     = {Excess temperature of mantle plumes: {T}he role of chemical
       stratification across {D}''},
   journal   = GRL,
   pages     = {1583--1586},
   year      = 1997,
   volume    = {24}
}


@article{Festaetal05,
   author    = {Festa, G. and Delavaud, E. and Vilotte, J. P.},
   title     = {Interaction between surface waves and absorbing boundaries for
wave propagation in geological basins: 2{D} numerical simulations},
   journal   = GRL,
   pages     = {L20306, doi:10.1029/2005GL024091},
   year      = 2005,
   volume    = {32}
}


@article{FestaVil05,
   author    = {Festa, G. and Vilotte, J. P.},
   title     = {The {N}ewmark scheme as velocity-stress time-staggering : an
efficient {PML} for spectral element simulations of elastodynamics},
   journal   = GJI,
   pages     = {789-812},
   year      = 2005,
   volume    = {161(3)}
}


@article{Fichtner06a,
  author = {A. Fichtner and H.-P. Bunge and H. Igel},
  journal = PEPI,
  pages = {86-104},
  title = {The adjoint method in seismology: {I} - {T}heory},
  volume = {157},
  year = {2006},
  doi = {10.1016/j.pepi.2006.03.016},
}


@article{Fichtner06b,
  author = {A. Fichtner and P. Bunge and H. Igel},
  journal = PEPI,
  pages = {105-123},
  title = {The adjoint method in seismology: {II} - {A}pplications: traveltimes and
sensitivity functionals},
  volume = {157},
  year = {2006},
  doi = {10.1016/j.pepi.2006.03.018},
}


@article{Fichtner08a,
   author    = {Fichtner, A. and H. Igel},
   title     = {Efficient numerical surface wave propagation through the optimization of discrete crustal models - a technique based on non-linear dispersion curve matching (DCM)},
   journal   = GJI,
   pages     = {519-533},
   year      = 2008,
   volume    = {173(2)},
}


@article{FichtnerJNAIAM09,
   author    = {Fichtner, A. and H. Igel and H. P. Bunge and B. L. N. Kennett},
   title     = {Simulation and Inversion of Seismic Wave Propagation on
Continental Scales Based on a {S}pectral-{E}lement {M}ethod},
   journal   = {J.N.A.I.A.M.},
   pages     = {11-22},
   year      = 2009,
   volume    = {4}
}


@article{Fichtner08b,
  author = {Andreas Fichtner and Brian L. N. Kennett and Heiner Igel and
Hans-Peter Bunge},
  journal = GJI,
  pages = {665-685},
  title = {Theoretical background for continental and global scale
full-waveform inversion in the time-frequency domain},
  volume = {175(2)},
  year = {2008},
}


@article{Fichtner09,
  author = {Andreas Fichtner and Brian L. N. Kennett and Heiner Igel and
Hans-Peter Bunge},
  journal = GJI,
  pages = {1703-1725},
  title = {Full waveform tomography for upper-mantle structure in the
{A}ustralasian region using adjoint methods},
  volume = {179(3)},
  year = {2009},
}


@book{Fin72,
   author    = {B.A. Finlayson},
   title     = {The Method of Weighted residuals and variational principles},
   year      = {1972},
   publisher = {Academic Press},
   address   = {New-York}
}

     
@Article{Fish2004,
  author = 	 {J. Fish and W. Chen},
  title = 	 {Space-Time Multiscale Model for Wave Propagation in Heterogeneous 
                 Media}, 
  journal = 	 {Comp. Meth. Appl. Mech. Engng},
  year = 	 {2004},
  volume = 	 {193},
  pages = 	 {4837--4856}
}


@article{For88,
   author    = {B. Fornberg},
   title     = {The pseudospectral method: accurate representation of interfaces in
       elastic wave calculations},
   journal   = {Geophysics},
   pages     = {625-637},
   year      = {1988},
   volume    = {53}
}


@article{For95,
   author    = {B. Fornberg},
   title     = {A pseudospectral approach for polar and spherical geometries},
   journal   = {{SIAM} J. Sci. Comp.},
   pages     = {1071-1081},
   year      = {1995},
   volume    = {16}
}


@article{Fri98,
   author    = {W. Friederich},
   title     = {Propagation of seismic shear and surface waves in a laterally
       heterogeneous mantle by multiple forward scattering},
   journal   = {Geophys. J. Int.},
   year      = {1998}
}


@article{FriDal95,
   author    = {W. Friederich and J. Dalkolmo},
   title     = {Complete synthetic seismograms for a spherically symmetric earth
       by a numerical computation of the {G}een's function in the
       frequency domain},
   journal   = {Geophys. J. Int.},
   pages     = {537-550},
   year      = {1995},
   volume    = {122}
}


@article{Friederich1993,
   author    = {Friederich, W.
       and Wielandt, E. and Stange, S.},
   title     = {Multiple forward scattering of surface waves: comparison with
       an exact solution and {B}orn single-scattering
       methods},
   journal   = GJI,
   pages     = {264--275},
   year      = 1993,
   volume    = {112}
}


@article{Friedrich98,
   author    = {Friedrich, A. and F. Krüger and K. Klinge},
   title     = {Ocean-generated microseismic noise located with the {G}räfenberg
array},
   journal   = {J. Seismol.},
   pages     = {47-64},
   year      = 1998,
   volume    = {2}
}


@article{FurTak96,
   author    = {T. Furumura and H. Takenaka},
   title     = {2.5-{D} modeling of elastic waves using the pseudospectral method},
   journal   = {Geophys. J. Int.},
   pages     = {820-832},
   year      = {1996},
   volume    = {124}
}


@article{Furetal98,
   author    = {T. Furumura and B.L.N. Kennett and H. Takenaka},
   title     = {Parallel 3-{D} pseudospectral simulation of seismic wave propagation},
   journal   = {Geophysics},
   pages     = {279-288},
   year      = {1998},
   volume    = {63}
}


@article{Furetal98a,
   author    = {T. Furumura and B.L.N. Kennett and M. Furumura},
   title     = {Seismic wavefield calculation for laterally heterogeneous whole
       earth models using the pseudospectral method},
   journal   = {Geophys. J. Int.},
   pages     = {845-860},
   year      = {1998},
   volume    = {135}
}


@article{Furetal99,
   author    = {M. Furumura and B.L.N. Kennett and T. Furumura},
   title     = {Seismic wavefield calculation for laterally heterogeneous {E}arth
       models -- {II}. {T}he influence of upper mantle heterogeneity},
   journal   = {Geophys. J. Int.},
   pages     = {623-644},
   year      = {1999},
   volume    = {139}
}


@Article{Fuchs1971,
  author = 	 {K. Fuchs and G. M\"uller},
  title = 	 {Computation os Synthetic Seismograms with the Reflectivity Method and Comparison with Observations}, 
  journal = 	 GJras,
  year = 	 {1971},
  volume = 	 {23},
  pages = 	 {417--433},
}


@article{Garcia2000,
   author    = {R. Garcia and A. Souriau},
   title     = {Amplitude of the Core-Manlte boundary topography estimated by stochastic analysis of core phases},
   journal   = {PEPI},
   volume    = {117}, 
   pages     = {345-359},
   year      = { 2000}
}

 
@article{GarHel95,
   author    = {E.J. Garnero and D.V. Helmberger},
   title     = {A very slow basal layer underlying large-scale low-velocity
       anomalies in the lower mantle beneath the {P}acific: evidence for
       core phases},
   journal   = {Phys. Earth. Planet. Int.},
   pages     = {161-176},
   year      = {1995},
   volume    = {91}
}


@article{GarLay97,
   author    = {E.J. Garnero and T. Lay},
   title     = {Lateral variations in the lowermost mantle shear wave anisotropy beneath
       north {P}acific and {A}laska},
   journal   = {J. Geophys. Res.},
   pages     = {8121-8135},
   year      = {1997},
   volume    = {102}
}


@article{Garnero1995,
   author    = {Garnero, E. and Helmberger, D. V.},
   title     = {A very slow basal layer underleying large--scale low--velocirty 
       anomalies in the lower mantle beneath the {P}acific},
   journal   = JGR,
   pages     = {8225--8241},
   year      = 1995,
   volume    = {98}
}


@article{Garnero1996,
   author    = {Garnero, E. and Helmberger, D. V.},
   title     = {Seismic detection of a thin laterally varying boundary layer 
       at the base of the mantle beneath the cntral--pacific},
   journal   = GRL,
   pages     = {977--980},
   year      = 1996,
   volume    = {23}
}


@article{Garnero1998,
   author    = {Garnero, E. and Helmberger, D. V.},
   title     = {Further structural constraints and uncertainties of a thin 
       laterally varying ultralow--velocity layer a the base of the mantle},
   journal   = JGR,
   pages     = {12,495--12,509},
   year      = 1998,
   volume    = {103}
}


@article{Garnero1999,
   author    = {Garnero, E. and Vidale, J. E.},
   title     = {{S}c{P}: a probe of ultalow velocity zones at the base of the mantle},
   journal   = GRL,
   pages     = {377--380},
   year      = 1999,
   volume    = {26}
}


@Article{Garnero2000,
  author = 	 {Garnero, E.J.},
  title = 	 {Lower mantle heterogeneity},
  journal = 	 {Ann. Rev. Earth Planetary Sci.},
  year = 	 {2000},
  volume = 	 {28},
  pages = 	 {509-37}
}


@article{Gaz81,
   author    = {J. Gazdag},
   title     = {Modeling of the accoustic wave propagation with transform methods},
   journal   = {Geophysics},
   pages     = {854-859},
   year      = {1981},
   volume    = {46}
}


@article{Geller1994,
   author    = {Geller, R. and Ohminato, T.},
   title     = {Computation of synthetic seismograms and their partial
       derivatives for heterogeneous meida with arbitary
       natural boundary conditions using the {D}irect
       {S}olution {M}ethod},
   journal   = GJI,
   pages     = {421--446},
   year      = 1994,
   volume    = {116}
}


@article{GelTak95,
   author    = {R.J. Geller and N. Takeuchi},
   title     = {A new method for computing highly accurate {DSM} synthetic seismograms},
   journal   = {Geophys. J. Int.},
   pages     = {449-470},
   year      = {1995},
   volume    = {123}
}


@article{Geller1978,
   author    = {Geller, R. and Stein, S.},
   title     = {Normal modes of laterally heterogeneous body: a
       one--dimensional exemple},
   journal   = BSSA,
   pages     = {103--116},
   year      = 1978,
   volume    = {68}
}


@article{Geller1985,
   author    = {Geller, R. and Moak, R. M. and Fetter, A. L.},
   title     = {Normal modes solutions for absorbing boundary conditions},
   journal   = GRL,
   pages     = {145--148},
   year      = 1985,
   volume    = {12}
}


@article{Geller1995,
   author    = {Geller, R. and Takeuchi, N.},
   title     = {A new method for computing highly accurate {DSM} synthetic
       seismograms},
   journal   = GJI,
   pages     = {449--470},
   year      = 1995,
   volume    = {123}
}


@article{GerstoftTan07,
   author    = {Gerstoft, P. and Tanimoto, T.},
   title     = {A year of microseisms in southern California},
   journal   = GRL,
   pages     = {L20304, doi:10.1029/2007GL031091},
   year      = 2007, 
   volume    = {34}
}


@article{Gerstoft08,
   author    = {Gerstoft, P. and P. M. Shearer and N. Harmon and J. Zhang},
   title     = {Global {P}, {PP}, and {PKP} wave microseisms observed from distant storms},
   journal   = GRL,
   pages     = {L23307, doi:10.1029/2008GL036111},
   year      = 2008,
   volume    = {35}
}


@inproceedings{Gil80,
   author    = {F. Gilbert},
   title     = {Introduction to low-frequency seismology},
   booktitle = {Physics of the {E}arth {I}nteriors},
   pages     = {127-151},
   year      = {1980},
   publisher = {North-Holland},
   address   = {Amsterdam},
   series    = {Int. School of Physics, ``Enrico Fermi''}
}


@article{Gil81,
   author    = {R.L. Gilliland},
   title     = {Solutions of the shallow water equations on the sphere},
   journal   = {J. Comp. Physics},
   pages     = {79-94},
   year      = {1981},
   volume    = {43}
}


@article{GilDzi75,
   author    = {F. Gilbert and A. M. Dziewonski},
   title     = {An application of normal mode theory to the retrieval of structural
       parameters and source mechanisms for seismic spectra},
   journal   = {Philos. Trans. R. Soc. London},
   pages     = {187-269},
   year      = {1975},
   volume    = {278},
   note      = {Ser. A}
}


@article{Gilbert1971,
   author    = {Gilbert, F.},
   title     = {Excitation of normal modes of the {E}arth by earthquake sources},
   journal   = GJras,
   pages     = {223--226},
   year      = 1971,
   volume    = {22}
}


@article{GivoliKeller1990,
   author    = {Givoli, D. and Keller, J.},
   title     = {Non-reflecting boundary conditions for elastic waves},
   journal   = {Wave Motion},
   pages     = {261--279},
   year      = 1990,
   volume    = {12}
}


@Article{Givoli2004,
  author = 	 {Dan Givoli},
  title = 	 {High-order local non-reflecting boundary conditions: a review},
  journal = 	 {Wave Motion},
  year = 	 {2004},
  volume = 	 {39},
  pages = 	 {319-326}
}



@Article{Givoli2006,
  author = 	 {Givoli, Dan and  Hagstrom, Thomas and  Patlashenko, Igor},
  title = 	 {Finite element formulation with high-order absorbing boundary conditions for time-dependent waves},
  journal = 	 {Comput. Methods Appl. Mech. Engrg.},
  year = 	 {2006},
  volume = 	 {195},
  pages = 	 {3666-3690}
}


@Article{Golowich2003,
  author = 	 {S. E. Golowich and M. I. Weinstein},
  title = 	 {Homogenization expansion for resonances of microstructured photonic waveguides},
  journal = 	 {J. Opt. Soc. Am. B.},
  year = 	 {2003},
  volume = 	 {20},
  number = 	 {4},
  pages = 	 {633--647}
}


@book{Gottlieb,
   author    = {Gottlieb, D. and S.A. Orzag},
   title     = {Numerical Analysis of Spectral Methods : Theory and 
Applications},
   year      = 1977,
   publisher = {SIAM-CBMS, Philadelphia}
}


@Article{Gouedard07,
  author =       {Gouédard, P. and L. Stehly and F. Brenguier and M. Campillo and Y. Colin de
Verdière and E. Larose and L. Margerin and P. Roux and F. J. Sánchez-Sesma and
N. M. Shapiro and R. L. Weaver},
  title =        {Cross-correlation of random fields: mathematical approach and
applications},
  journal =      {Geophys. Prosp.},
  pages =        {375-393},
  volume =       {56(3)},
  year =         {2008}
}


@Article{Gouedard08,
  author =       {Gouédard, P. and P. Roux and M. Campillo and A. Verdel},
  title =        {Convergence of the two-points correlation function toward the {G}reen's 
function in the context of a prospecting dataset},
  journal =      GEO,
  pages =        {V47-V53},
  volume =       {73(6)},
  year =         {2008}
}


@article{Glatzmaier1995,
   author    = {Glatzmaier, G. A. and P. H. Roberts},
   title     = {A three--dimensional sel--consistent computer
       simulation of a geomagnetic field reversal},
   journal   = NAT,
   pages     = {203--209},
   year      = 1995,
   volume    = {377}
}


@article{Grand94,
   author    = {Grand, S. P.},
   title     = {Mantle shear structure beneath the {A}mericas and surroundings oceans},
   journal   = JGR,
   pages     = {11591--11621},
   year      = 1994,
   volume    = {99}
}


@article{Grand97,
   author    = {Grand, S. and van der Hilst,  R. and Widiyantoro, S.},
   title     = {Global seismic tomography: A snapshot of convection in the Earth},
   journal   = GTOD,
   pages     = {1--7},
   year      = 1997,
   volume    = {7, No.4}
}


@article{Griffiths1990,
   author    = {Griffiths, R. W. and Campell, I. H.},
   title     = {Stirring and struture in manthe starting plumes},
   journal   = EPSL,
   pages     = {66--78},
   year      = 1990,
   volume    = 99
}


@article{Grotekeller1995,
   author    = {Grote, M. J. and Keller, J.},
   title     = {On {N}onreflecting {B}oundary {C}onditions},
   journal   = JCOP,
   pages     = {231--243},
   year      = 1995,
   volume    = {122}
}


@Article{Gung2004,
  author = 	 {Gung, Y. C. and B. Romanowicz },
  title = 	 {Q tomography of the upper mantle using three component long period waveforms},
  journal = 	 GJI,
  year = 	 {2004},
  note = 	 {In press},
}


@article{Haretal93,
   author    = {T. Hara and S. Tsuboi and R.J. Geller},
   title     = {Inversion for laterally heterogeneous upper mantle {S}-wave velocity
       structure using iterative waveform inversion},
   journal   = {Geophys. J. Int.},
   pages     = {667-698},
   year      = {1993},
   volume    = {115}
}


@article{Harmon08,
   author    = {Harmon, N. and P. Gerstoft and C. A. Rychert and G. A. Abers and 
M. Salas de la Cruz and K. M. Fischer},
   title     = {Phase velocities from seismic noise using beamforming and cross 
correlation in Costa Rica and Nicaragua},
   journal   = GRL,
   pages     = {L19303, doi:10.1029/2008GL035387},
   year      = {2008},
   volume    = {35}
}


@article{Hart1992,
   author    = {Hart, S. R. and Hauri, E. H. and Oschmann, L. A. and Whitehead,
       J. A.},
   title     = {Mantle plumes and entrainment: isotopic evidence},
   journal   = {Science},
   pages     = {517--520},
   year      = 1992,
   volume    = {256}
}


@article{Hedlin1997,
   author    = {Hedlin, M. A. H. and P. M. Shearer and P. S. Earle},
   title     = {Seismic Evidence for small-scale heterogeneity throughout the 
       Earth's mantle},
   journal   = NAT,
   pages     = {145--150},
   year      = {1997},
   volume    = {387},
   number    = {6629}
}


@article{HeiRan95a,
   author    = {R. Heikes and D.A. Randall},
   title     = {Numerical integration of the shallow-water equations on a twisted
       icosahedral grid. {P}art {I}: {B}asic design and results of tests},
   journal   = {Mon. Wea. Rev.},
   pages     = {1862-1880},
   year      = {1995},
   volume    = {123},
   number    = {123}
}


@article{HeiRan95b,
   author    = {R. Heikes and D.A. Randall},
   title     = {Numerical integration of the shallow-water equations on a twisted
       icosahedral grid. {P}art {II}: {A} detailed description of the
       grid and an analysis of numerical accuracy.},
   journal   = {Mon. Wea. Rev.},
   pages     = {1881-1887},
   year      = {1995},
   volume    = {123},
   number    = {123}
}


@InCollection{Helmberger1983,
  author = 	 {Helmberger, D. V.},
  editor = 	 {Kanamori, H.},
  booktitle = 	 {Earthquakes: Observation, Theory and Interpretation},
  title = 	 {Theory and application of synthetic seismograms},
  publisher = 	 {Soc. Italianadi Fisica, Bologna, Italy},
  year = 	 {1983},
  pages = 	 {173-222}
}


@article{Hennino01,
   author    = {Hennino, R. and N. Tégourès and N. M. Shapiro and L. Margerin and
M. Campillo and B. van Tiggelen and R. Weaver},
   title     = {Observation of equipartition of seismic waves},
   journal   = PRL,
   pages     = {3447-3450},
   year      = {2001},
   volume    = {85(15)}
}


@Article{Hill1965,
  author = 	 {Hill, R.},
  title = 	 {A self--consistent mechanics of composit materials},
  journal = 	 {J. Mech. Phys. Solids},
  year = 	 {1965},
  volume = 	 {13},
  pages = 	 {213--222}
}

@Article{Hashin1963,
  author = 	 {Hashin, Z. and S. Shtrikman},
  title = 	 {A variational approach to the elastic 
behavior of multiphase materials}, 
  journal = 	 {J. Mech. Phys. Solids},
  year = 	 {1963},
  volume = 	 {11},
  pages = 	 {127--140}
}

@article{Hiletal97,
   author    = {R.D. van der Hilst and S. Widiyantoro and E.R. Engdahl},
   title     = {Evidence for deep mantle circulation from global tomography},
   journal   = {Nature},
   pages     = {578-584},
   year      = {1997},
   volume    = {386}
}


@incollection{Hiletal98,
   author    = {R.D. van der Hilst and S. Widiyantoro and K. Creager and T.J. McSweeney},
   editor    = {Gurnis et al.},
   title     = {Deep subsuction and aspherical variations in {P}-wavespeed at the base of the {E}arth's mantle},
   booktitle = {Core-{M}antle boundary region},
   pages     = {5-20},
   year      = {1998},
   publisher = {AGU},
   address   = {Washington {D}.{C}.},
   volume    = {28},
   series    = {Geodyn. Ser.}
}


@article{Hilst1997,
   author    = {van der Hilst, R.D. and Widiyantoro,  S.  and Engdahl, E.R.},
   title     = {Evidence for deep mantle circulation from global tomography},
   journal   = {Nature},
   pages     = {578-584},
   year      = {1997},
   volume    = {386}
}


@article{Hofmann1997,
   author    = {Hofmann, A. W.},
   title     = {Mantle geochemistry: the message from oceanic volcanism},
   journal   = {Nature},
   pages     = {219--229},
   year      = 1997,
   volume    = {385}
}


@article{HugMar78,
   author    = {T.J.R. Hughes and J.E. Marsden},
   title     = {Classical elastodynamics as a linear symmetric hyperbolic system},
   journal   = {J. Elasticity},
   pages     = {97-110},
   year      = {1978},
   volume    = {8}
}


@book{Hughes1987,
   author    = {Hughes, T. J. R.},
   title     = {The finite element method, linear static and dynamic finit
       element analysis},
   year      = 1987,
   publisher = {Englewood Cliffs, NJ; Prentice--Hall International}
}


@Article{Hung2001,
  author =       {Hung, S.-H. and Dahlen, F.A. and Nolet, G.},
  title =        {Wavefront healing: a banana-doughnut perspective},
  journal =      GJI,
  year =         {2001},
  volume =       {146},
  pages =        {289-312},
}


@article{Ige99,
   author    = {H. Igel},
   title     = {Modeling wave propagation in 3-{D} spherical sections by the {C}hebyshev
       spectral method},
   journal   = {Geophys. J. Int.},
   pages     = {559-567},
   year      = {1999},
   volume    = {136}
}


@article{IgeGud97,
   author    = {H. Igel and O. Gudmundsson},
   title     = {Frequency-dependent effects on travel times and waveforms of
       long-period {S} and {SS} waves},
   journal   = {Phys. Earth. Planet. Int.},
   pages     = {229-246},
   year      = {1997},
   volume    = {104}
}


@article{IgeWeb96,
   author    = {H. Igel and M. Weber},
   title     = {{P-SV} wave propagation in the {E}arth's mantle using 
       finite-differences: application to heterogeneous lowermost mantle
       structure},
   journal   = {Geophys. Res. Lett.},
   pages     = {731-734},
   year      = {1996},
   volume    = {23}
}


@article{Igel2000,
   author    = {H. Igel and Takeuchi, N. and Geller, R. and Megnin, C. and
       Bunge, H. P. and Cl\'ev\'ed\'e, E. and Dalkomo,
       J. and Romanowicz, B.},
   title     = {The {COSY} {P}roject: verification of global seismic modeling
       algorithms},
   journal   = PEPI,
   pages     = {3--23},
   year      = 2000,
   volume    = {119}
}


@book{Ihlenburg1998,
   author    = {Ihlenburg, F.},
   title     = {Finite {E}lement {A}nalysis of {A}coustic {S}cattering},
   year      = 1998 ,
   publisher = {Applied {M}athematical {S}ciences 132, {S}pringer}
}


@article{Ino90,
   author    = {H. Inoue and Y. Fukao and K. Tanabe and Y. Ogata},
   title     = {Whole mantle {P}-wave travel time tomography},
   journal   = {Phys. Earth. Planet. Int.},
   pages     = {294-328},
   year      = {1990},
   volume    = {59}
}


@book{Iyer1993,
   author    = {Iyer, H. M. and K. Hirahara},
   title     = {Seiemic tomography, Theory and Practice},
   year      = 1993,
   publisher = {Chapman \& Hall}
}


@article{JakAlp97,
   author    = {R. Jakob-{C}hien and B.K. Alpert},
   title     = {A fast spherical filter with uniform resolution},
   journal   = {J. Comp. Phys},
   pages     = {580-584},
   year      = {1997},
   volume    = {136}
}


@book{Jeffreys1940,
   author    = {Jeffreys, H. and K. E. Bullen},
   title     = {Seismological Tables},
   year      = 1940,
   publisher = {British Association for the Advancement of Science, London}
}


@article{Jihetal88,
   author    = {R.S. Jih and K.L. Mc{L}aughlin and Z.A. Der},
   title     = {Free-boundary conditions for arbitrary polygonal topography in a two-dimensional
       explicit elastic finite-difference scheme},
   journal   = {Geophysics},
   pages     = {1045-1055},
   year      = {1988},
   volume    = {53}
}


@article{Jor78,
   author    = {T.H. Jordan},
   title     = {A procedure for estimating lateral variations from low-frequency
       eigenspectra data},
   journal   = {Geophys. J. R. Astr. Soc.},
   pages     = {441-445},
   year      = {1978},
   volume    = {52}
}


@article{KanMec90,
   author    = {I.B. Kang and G.A. Mc{M}echan},
   title     = {Two-dimensional elastic pseudospectral modeling of wide-aperture
       seismic array data with application to the {W}ichita {U}plift-{A}ndarko
       {B}asin region of southwestern {O}klahoma},
   journal   = {Bull. Seism. Soc. Am.},
   pages     = {1677-1695},
   year      = {1990},
   volume    = {80}
}


@article{KedarWebb05,
   author    = {Kedar, S. and F. H. Webb},
   title     = {The ocean's seismic hum},
   journal   = SCI,
   doi       = {10.1126/science.1108380},
   volume    = {307},
   pages     = {682-683},
   year      = 2005
}


@article{Kedar08,
   author    = {Kedar, S. and Longuet-Higgins, M. and Webb, F. and Graham, N.
and Clayton, R. and Jones, C.},
   title     = {The origin of deep ocean microseisms in the {N}orth {A}tlantic
{O}cean},
   journal   = {Proc. R. Soc. A},
   doi       = {10.1098/rspa.20070277},
   volume    = {464},
   pages     = {777-793},
   year      = 2008
}


@article{Keletal76,
   author    = {K.R. Kelly and R.W. Ward and S. Treitel and R.M. Alford},
   title     = {Synthetic seismograms: a finite difference approach},
   journal   = {Geophysics},
   pages     = {2-27},
   year      = {1976},
   volume    = {41}
}


@article{KellerGivoli1989,
   author    = {Givoli, D. and Keller, J.},
   title     = {Exact non-reflecting boudary conditions.},
   journal   = {J. Comp. Phys.},
   pages     = {172--192},
   year      = 1989,
   volume    = {82}
}


@article{Ken85,
   author    = {B.L.N. Kennett},
   title     = {On regional {S}},
   journal   = {Bull. Seism. Soc. Am.},
   pages     = {1077-1086},
   year      = {1985},
   volume    = {75}
}


@article{Ken87,
   author    = {B.L.N. Kennett},
   title     = {Observational and theoretical constraints on crustal and upper
       mantle},
   journal   = {Phys. Earth. Planet. Int.},
   pages     = {319-332},
   year      = {1997},
   volume    = {47}
}


@article{KenBow90,
   author    = {B.L.N. Kennett and J.R. Bowman},
   title     = {The velocity structure and heterogeneity of the upper mantle},
   journal   = {Phys. Earth. Planet. Int.},
   pages     = {134-144},
   year      = {1990},
   volume    = {59}
}


@article{KenSil96,
   author    = {J.M. Kendall and P.G. Silver},
   title     = {Constraints from seismic anisotropy on the nature of the lowermost
       mantle},
   journal   = {Nature},
   pages     = {409-412},
   year      = {1996},
   volume    = {381}
}


@incollection{KenSil98,
   author    = {J.M. Kendall and P.G. Silver},
   editor    = {M. Gurnis et al.},
   title     = {Investigating the cause of {D}" anisotropy},
   booktitle = {The {C}ore-{M}antle boundary region},
   pages     = {21-36},
   year      = {1998},
   publisher = {AGU},
   address   = {Washington {D}.{C}.},
   volume    = {28},
   series    = {Geodyn. Ser.}
}


@article{Kenetal98,
   author    = {B.L.N. Kennett and S. Widiyantoro and R.D. van der Hilst},
   title     = {Joint seismic tomography for bulk-sound and shear wave speed in the
       {E}arth's mantle},
   journal   = {J. Geophys. Res.},
   pages     = {12469-12493},
   year      = {1998},
   volume    = {103}
}


@article{Kennett1991,
   author    = {B. L. N. Kennett and E. R. Engdahl},
   title     = {Traveltimes for {G}lobal {E}arthquake {L}ocation and
       {P}hase {I}dentification},
   journal   = {Geophys. J. Int.},
   pages     = {429-465},
   year      = {1991},
   volume    = {105}
}


@article{KesKos90,
   author    = {D. Kessler and D. Kosloff},
   title     = {Acoustic wave propagation in 2-{D} cylindrical coordinates},
   journal   = {Geophys. J. Int.},
   pages     = {577-587},
   year      = {1990},
   volume    = {103}
}


@book{Kom97,
   author    = {Komatitsch, D.},
   title     = {M\'ethodes spectrales et \'el\'ements spectraux pour l'\'equation de
       l'\'elastodynamique 2{D} et 3{D} en milieu h\'et\'erog\`ene},
   year      = {1997},
   publisher = {Th\`ese de doctorat de l'{U}niversit\'e {P}aris 7}
}


@article{Kom98,
   author    = {Dimitri Komatitsch and Jean Pierre Vilotte},
   title     = {The {S}pectral {E}lement {M}ethod: an efficient tool to simulate
       the seismic response of 2D and
       3D geological structures},
   journal   = {Bull. Seism. Soc. Am.},
   pages     = {368-392},
   year      = {1998},
   volume    = {88}
}


@article{Kom99,
   author    = {Dimitri Komatitsch and Jeroen Tromp},
   title     = {Introduction to the {S}pectral {E}lement {M}ethod for
       three-dimensional seismic wave
       propagation},
   journal   = {Geophys. J. Int.},
   pages     = {806-822},
   year      = {1999},
   volume    = {139}
}


@article{Kom2002a,
   author    = {Dimitri Komatitsch and Jeroen Tromp},
   title     = {Spectral-element simulations of global seismic wave propagation,
Part {I}: {V}alidation},
volume    = {149},
journal   = GJI,
pages     = {390-412},
year      = {2002}
}


@article{Kom2002b,
   author    = {Dimitri Komatitsch and Jeroen Tromp},
   title     = {Spectral-element simulations of global seismic wave propagation, Part {II}: 3-{D} models, oceans, rotation, and gravity}, 
volume    = {150},
journal   = GJI,
pages     = {303-318},
year      = {2002}
}


@article{Kometal02,
   author    = {D. Komatitsch and J. Ritsema and J. Tromp},
   title     = {The {S}pectral-{E}lement {M}ethod, {B}eowulf computing,
and global seismology},
volume    = {298},
journal   = SCI,
pages     = {1737-1742},
year      = {2002}
}


@article{Kom03,
   author    = {D. Komatitsch and J. Tromp},
   title     = {A perfectly matched layer absorbing boundary condition for the
second-order seismic wave equation},
volume    = {154(1)},
journal   = GJI,
pages     = {303-318},
year      = {2003}
}


@ARTICLE{KoLiTrSuStSh04,
  author = {Dimitri Komatitsch and Qinya Liu and Jeroen Tromp and Peter S\"{u}ss
	and Christiane Stidham and John H. Shaw},
  title = {Simulations of Ground Motion in the {L}os {A}ngeles Basin based upon
	the {S}pectral-{E}lement {M}ethod},
  journal = bssa,
  year = {2004},
  volume = {94(1)},
  pages = {187-206},
  doi = {10.1785/0120030077}
}


@article{Komatitsch2000a,
   author    = {Dimitri Komatitsch and Christophe Barnes and Jeroen
       Tromp},
   title     = {Wave propagation near a fluid-solid interface: a spectral
       element approach},
   journal   = {Geophysics},
   year      = {2000},
   note      = {in press}
}


@article{Komatitsch2000b,
   author    = {Dimitri Komatitsch and Christophe Barnes and Jeroen
       Tromp},
   title     = {Simulation of anisotropic wave propagation based upon a
       {S}pectral {E}lement {M}ethod},
   journal   = {Geophysics},
   year      = {2000},
   note      = {in press}
}


@article{Kometal99,
   author    = {D. Komatitsch and J.P. Vilotte and R. Vai and J.M. Castillo-Covarrubias and F.J. S\'anchez-Sesma},
   title     = {The {S}pectral {E}lement {M}ethod for elastic wave equations -- 
       application to 2-{D} and 3-{D} seismic problems},
   journal   = {Int. J. Num. Meth. Engng.},
   pages     = {1139-1164},
   year      = {1999},
   volume    = {45}
}


@article{KosBay82,
   author    = {D. Kossloff and E. Bayssal},
   title     = {Forward modeling by {F}ourier method},
   journal   = {Geophysics},
   pages     = {1402-1412},
   year      = {1982},
   volume    = {47}
}


@article{KosTal93,
   author    = {D. Kosloff and H. Tal-{E}zer},
   title     = {A modified Chebyshev pseudospectral method with an
       {O}({N}$^{-1}$) time
       step restriction},
   journal   = {J. Comput. Phys.},
   pages     = {457-469},
   year      = {1993},
   volume    = {104}
}


@article{Kosetal90,
   author    = {D. Kosloff and D. Kessler and A.Q. Filho and E. Tessmer and A. Behle
       and R. Strahilevitz},
   title     = {Solution of the equations of dynamics elasticity by a {C}hebyshev spectral method},
   journal   = {Geophysics},
   pages     = {748-754},
   year      = {1990},
   volume    = {55}
}


@article{Kuang1997,
   author    = {W.L. Kuang and J. Bloxham},
   title     = {An earthlike numerical dynamo model},
   journal   = NAT,
   pages     = {371--374},
   year      = 1997,
   volume    = {389}
}


@article{Kumazawa1969,
   author    = {Kumazawa, M. and Anderson, O. L.},
   title     = {Elastic {M}oduli, {P}ressure {D}erivates, and {T}emperature
       {D}erivates of {S}inge--{C}rystal {O}livine and
       {S}ingle--{C}rystal {F}orstite},
   journal   = JGR,
   pages     = {5961--5972},
   year      = 1969,
   volume    = {74}
}


@InProceedings{Lailly1983,
  author = 	 {Lailly, P.},
  title = 	 {The seismic inverse problem as a sequence of before stack migrations},
  booktitle = 	 {Conference on Inverse Scattering: Theory and Application},
  year = 	 {1983},
  editor = 	 {Bednar, J.B. and Redner, R. and Robinson, E. and Weglein, A.},
  publisher = {Soc. Industr. appl. Math., Philadelohia, PA.}
}


@article{Larose04,
   author    = {Larose, E. and A. Derode and M. Campillo and M. Fink},
   title     = {Imaging from one-bit correlations of wide-band diffuse
wavefields},
   journal   = {J. Appl. Phys.},
   pages     = {8393-8399},
   year      = 2004,
   volume    = {95(12)}
}


@article{Larose07,
   author    = {Larose, E. and P. Roux and M. Campillo},
   title     = {Reconstruction of {R}ayleigh-{L}amb dispersion spectrum based on
noise obtained from an air-jet forcing},
   journal   = JASA,
   pages     = {pp 3437},
   year      = 2007,
   volume    = {122(6)}
}


@article{Laske1999,
   author    = {Laske, G. and T. G. Masters},
   title     = {Limits on differential rotation of the inner core from an analysis of the
       {E}arth's free oscillations},
   journal   = NAT,
   pages     = {66--69},
   year      = 1999,
   volume    = {402}
}


@article{Lay95,
   author    = {T. Lay},
   title     = {Seismology of the lower mantle and core-mantle boundary},
   journal   = {Rev. Geophys.},
   pages     = {325-328},
   year      = {1995},
   note      = {Supplement}
}


@article{Lay1998,
   author    = {Lay, T. and Williams, Q. and  Garnero, E.J.},
   title     = {The core--mantle  boundary layer and the deep {E}arth dynamics},
   journal   = NAT,
   pages     = {461--468},
   year      = 1998,
   volume    = {392}
}


@article{Layetal97,
   author    = {T. Lay and E.J. Garnero and C.J. Young and J.B. Gaherty},
   title     = {Scale-lengths of shear velocity heterogeneity at the base of the
       mantle from {S} wave differential times},
   journal   = {J. Geophys. Res.},
   pages     = {9887-9910},
   year      = {1997},
   volume    = {102}
}


@article{Layetal98,
   author    = {T. Lay and Q. Williams and E.J. Garnero},
   title     = {The core-mantle boundary layer and deep {E}arth dynamics},
   journal   = {Nature},
   pages     = {461-468},
   year      = {1998},
   volume    = {392}
}


@article{Lee08,
 author = {Shiann-Jong Lee and How-Wei Chen and Qinya Liu and Dimitri Komatitsch
and Bor-Shouh Huang and Jeroen Tromp},
 title = {Three-Dimensional Simulations of Seismic-Wave Propagation in the
{T}aipei Basin with Realistic Topography Based upon the {S}pectral {E}lement
{M}ethod},
 journal = BSSA,
 year = 2008,
 volume = {98(1)},
 pages = {253-264}
}


@article{Lekic2010,
   author = {Leki{\'c}, V. and Panning, M. and Romanowicz, B.},
    title = {A simple method for improving crustal corrections in waveform
tomography},
  journal = GJI,
     year = 2010,
   volume = 182,
    pages = {265-278},
      doi = {10.1111/j.1365-246X.2010.04602.x},
}


@article{Leonach2000,
  author =       {B. Leonach and B. Grover},
  title =        {A homogenisation approach to elastic waves in directional
media},
  journal =      {Wave Motion},
  year =         {2000},
  volume =       {31},
  pages =        {209-222}
}


@article{Lev88,
   author    = {A.R. Levander},
   title     = {Fourth-order finite difference {P-SV} seismograms},
   journal   = {Geophysics},
   pages     = {1425-1436},
   year      = {1988},
   volume    = {53}
}


@article{Li95,
   author    = {Li, X. D. and Romanowicz, B.},
   title     = {Comparison of global waveform inversions with and without
       considering cross--branch modal coupling},
   journal   = GJI,
   pages     = {695--709},
   year      = 1995,
   volume    = {121}
}


@article{Li96,
   author    = {Li, X. D. and Romanowicz, B.},
   title     = {Global mantle shear velocity model developed using nonlinear
       asymptotic coupling theory},
   journal   = JGR,
   pages     = {22\,245--22\,271},
   year      = 1996,
   volume    = {101}
}


@article{LiTanimoto1993,
   author    = {Li, X. D. and Tanimoto, T.},
   title     = {Waveforms of long--period body waves in slightly aspherical
       {E}arth model},
   journal   = GJI,
   pages     = {92--102},
   year      = 1993,
   volume    = {112}
}


@article{Lin07,
   author    = {Lin, F. and M. H. Ritzwoller and J. Townend and M. Savage and S.
Bannister},
   title     = {Ambient noise {R}ayleigh wave tomography of {N}ew {Z}ealand},
   journal   = GJI,
   pages     = {649-666, doi:10.1111/j.1365-246X.2007.03414.x},
   year      = 2007,
   volume    = {170}
}


@article{Lin08,
   author    = {Lin, F. and M. P. Moschetti and M. H. Ritzwoller},
   title     = {Surface wave tomography of the western {U}nited {S}tates from ambient 
seismic noise: {R}ayleigh and {L}ove wave phase velocity maps},
   journal   = GJI,
   pages     = {doi:10.1111/j1365-246X.2008.03720.x},
   year      = 2008,
}


@incollection{LiuDzi98,
   author    = {X.D. Liu and A.M. Dziewonski},
   editor    = {M. Gurnis et al.},
   title     = {Global analysis of shear wave velocity anomalies in the lower-most mantle},
   booktitle = {The Core-{M}antle boundary region},
   pages     = {21-36},
   year      = {1998},
   publisher = {AGU},
   address   = {Washington {D}.{C}.},
   volume    = {28},
   series    = {Geodyn. Ser.}
}


@inproceedings{Liu1998,
   author    = {Liu, X. F. and A. M. Dziewonski},
   editor    = {M. Gurnis and M. E. Wysession and E. Knittle and B. A. Buffett},
   title     = {Global analysis of shear wave velocity anomalies in the lowermost mantle},
   booktitle = {{C}ore--{M}antle {B}oundary {R}egion},
   pages     = {21--36},
   year      = {1998},
   publisher = {{G}eodynamics {S}eries,{AGU}, {W}ashington, {DC}},
   volume    = {28}
}


@article{Liuetal76,
   author    = {Liu, H. P. and D. L. Anderson and H. Kanamori},
   title     = {Velocity dispersion due to anelasticity: implications for
seismology and mantle convection},
   journal   = {Geophys. J. R. astr. Soc.},
   pages     = {41-58},
   year      = {1976},
   volume    = {47}
}


@phdthesis{Log89,
   author    = {P. Lognonn\'e},
   title     = {Mod\'elisation des modes propres de vibration dans une {T}erre an\'elastique
       et h\'et\'erog\`ene: th\'eorie et application},
   year      = {1989},
   school    = {Universit\'e {P}aris {VII}},
   type      = {Th\`ese de Doctorat}
}


@incollection{LogCle2000,
   author    = {P. Lognonn\'e and E. Cl\'ev\'ed\'e},
   editor    = {P. Jennings and H. Kanamori and W. Lee},
   title     = {Normal {M}odes of the {E}arth and {P}lanets},
   booktitle = {Handbook of {E}arthquake and {E}ngineering {S}eismology},
   year      = {2000},
   publisher = {IASPEI},
   address   = {Paolo Alto, {CA}},
   note      = {in press}
}


@article{LogCle97,
   author    = {Ph. Lognonn\'e and E. Cl\'ev\'ed\'e},
   title     = {Diffraction of long-period {R}ayleigh waves by a slab: effects of
       mode coupling},
   journal   = {Geophys. Res. Lett.},
   pages     = {1035-1038},
   year      = {1997},
   volume    = {24}
}


@article{Lognonne90,
   author    = {Lognonn\'e, P. and Romanowicz, B.},
   title     = {Modelling of coupled normal modes of the {E}arth: the spectral
       method},
   journal   = GJI,
   pages     = {365--395},
   year      = 1990,
   volume    = {102}
}


@article{Lognonne91,
   author    = {Lognonn\'e, P.},
   title     = {Normal Modes and Seismograms in an Anelastic Rotating
       Earth.},
   journal   = JGR,
   pages     = {20,309--20,319},
   year      = 1991,
   volume    = {96}
}


@article{Lognonne1998,
   author    = {Lognonn\'e, P. and Cl\'ev\'ed\'e, E. and Kanamori, H.},
   title     = {Computation of seismograms and atmospheric oscillations by
       normal--mode summation for spherical earth model
       with realistic atmosphere},
   journal   = GJI,
   pages     = {388--406},
   year      = 1998,
   volume    = {135}
}


@article{Longuet50,
   author    = {Longuet-Higgins, M. S.},
   title     = {A theory on the origin of microseisms},
   journal   = {Philo. Trans. R. Soc. Lond. A.},
   pages     = {1-35},
   year      = 1950,
   volume    = {243}
}


@article{Loper1995,
   author    = {Loper, D.E. and Lay, T.},
   title     = {The core--mantle  boundary region},
   journal   = JGR,
   pages     = {6397--6420},
   year      = 1995,
   volume    = {100}
}


@article{Mad72,
   author    = {R. Madariaga},
   title     = {Spectral splitting of toroidal free oscillations due to lateral heterogeneities
       of the {E}arth's structure},
   journal   = {J. Geophys. Res.},
   pages     = {4421-4431},
   year      = {1972},
   volume    = {11}
}


@article{Mad76,
   author    = {R. Madariaga},
   title     = {Dynamics of an expanding circular fault},
   journal   = {Bull. Seism. Soc. Am.},
   pages     = {163-182},
   year      = {1976},
   volume    = {65}
}


@incollection{MadPat89,
   author    = {Y. Maday and A.T. Patera},
   editor    = {A.K. Noor and J.T. Oden},
   title     = {Spectral {E}lement {M}ethods for the incompressible {N}avier-{S}tokes
       equations},
   booktitle = {State of the {A}rt {S}urvey in {C}omputational {M}echanics},
   pages     = {71-143},
   year      = {1989},
   publisher = {ASME},
   address   = {New-York}
}


@article{MadQua82,
   author    = {Y. Maday and A. Quarteroni},
   title     = {Approximation of {B}urgers equatio by pseudospectral methods},
   journal   = {{RAIRO} Anal. Numer.},
   pages     = {375-404},
   year      = {1982},
   volume    = {16}
}


@inproceedings{Madetal88,
   author    = {Y. Maday and C. Mavriplis and A. T. Patera},
   editor    = {T. Chan and R. Glowinski},
   title     = {Nonconforming mortar element methods: application to
       spectral discretizations},
   booktitle = {Second Int. Conference on Domain Decomposition Methods for
       Partial Differential Equations},
   year      = {1988},
   publisher = {SIAM}
}


@article{MadayRonquist90,
 author = {Maday, Yvon and R{\o}nquist, Einar M},
 title = {Optimal error analysis of spectral methods with emphasis on
non-constant coefficients and deformed geometries},
 journal = {Comput. Methods Appl. Mech. Engrg.},
 year = 1990,
 volume = 80,
 pages = {91-115}
}


@book{Malischewsky1987,
   author    = {Malischewsky, P.},
   title     = {Surface waves and discontinuities},
   year      = 1987 ,
   publisher = {Amsterdam ; New York : Elsevier}
}


@article{Marfut1984,
   author    = {Marfut, K. J.},
   title     = {Accuracy of finite--diference and finite--element
       modeling of the scalar wave equation},
   journal   = {Geophysics},
   pages     = {533--549},
   year      = 1984 ,
   volume    = 49
}


@article{MartinKom09,
   author    = {Roland Martin and Dimitri Komatitsch},
   title     = {An unsplit convolutional perfectly matched layer technique
improved at grazing incidence for the viscoelastic wave equation},
   journal   = GJI,
   pages     = {333-344, doi: 10.1111/j.1365-246X.2009.04278.x},
   year      = {2009},
   volume    = {179}
}


@article{Masetal96,
   author    = {G. Masters and S. Jonhson and G. Laske and H. Bolton},
   title     = {A shear-velocity model of the mantle},
   journal   = {Philos. Trans. R. Soc. London, Ser. A},
   pages     = {1385-1411},
   year      = {1996},
   volume    = {354}
}


@article{Masters1996,
   author    = {Masters, G. and S. Johnson and G. Laske and H. Bolton},
   title     = {A shear velocity model of the mantle},
   journal   = {Phil. Trans. R. Soc. London},
   pages     = {1385--1411},
   year      = 1996,
   volume    = {354}
}



@Article{Marone2007,
  author = 	 {F. Marone and B. Romanowicz },
  title = 	 {Non-linear crustal corrections in high-resolution regional waveform seismic tomography}, 
  journal = 	 GJI,
  year = 	 {2007},
  pages = 	 {460-467},
  volume=        {170}
}


@article{Matetal96,
   author    = {E. Matzel and M.K. Sen and S.P. Grand},
   title     = {Evidence for anisotropy in the deep mantle beneath {A}laska},
   journal   = {Geophys. Res. Lett.},
   pages     = {2417-2420},
   year      = {1996},
   volume    = {23}
}


@ARTICLE{Matzel08,
  author = {E. Matzel},
  title = {Attenuation tomography using ambient noise correlation},
  journal = {Seismological Research Letters},
  year = {2008},
  volume = {79},
  pages = {358},
  number = {2},
}



@article{Megnin2000,
   author    = {M\'egnin, C. and B. Romanowicz},
   title     = {The 3{D} shear velocity structure of the mantle from the 
       inversion of body, surface and higher modes wave forms},
   journal   = GJI,
   pages     = {709-728},
   volume    = {143},
   year      = 2000
}


@article{Meier07a,
   author    = {Meier, U. and A. Curtis and D. J. van Manen and J. Robertsson},
   title     = {A global crustal model constrained by non-linearised inversion
of fundamental mode surface waves},
   journal   = GRL,
   pages     = {L16304, doi:10.1029/2007GL030989},
   volume    = {34},
   year      = 2007
}


@article{Mer73,
   author    = {P.E. Merilees},
   title     = {The pseudospectral approximation applied to shallow water equations
       on a sphere},
   journal   = {Atmosphere},
   pages     = {13-20},
   year      = {1973},
   volume    = {11}
}


@article{Mer74,
   author    = {P.E. Merilees},
   title     = {Numerical experiments with the pseudospectral method in spherical
       coordinates},
   journal   = {Atmosphere},
   pages     = {77-96},
   year      = {1974},
   volume    = {12}
}


@Article{Millot2003,
  author = 	 {Millot-Langet, R. and Cl\'ev\'ed\'e, E. and Lognonn\'e, P.},
  title = 	 { Normal modes and long period seismograms in a 3{D} anelastic elliptical rotating {E}arth },
  journal = 	 GRL,
  year = 	 {2003},
  key = 	 {10.1029/2002GL016257},
  volume = 	 {30},
  number = 	 {5}
}


@article{MinsterJordan1978,
   author    = {Minster, J. B. and Jordan, T. H.},
   title     = {Present--day plate motion},
   journal   = JGR,
   pages     = {5331--5354},
   year      = 1978,
   volume    = {83}
}


@article{Moc86,
   author    = {E. Mochizuki},
   title     = {Free oscillations and surface waves of an aspherical {E}arth},
   journal   = {Geophys. Res. Lett.},
   pages     = {1478-1481},
   year      = {1986},
   volume    = {13}
}


@article{Moc86,
   author    = {E. Mochizuki},
   title     = {Free oscillations and surface waves of an aspherical {E}arth},
   journal   = {Geophys. Res. Lett.},
   pages     = {1478-1481},
   year      = {1986},
   volume    = {13}
}


@incollection{Moczo07,
   author    = {P. Moczo and J. O. A. Robertsson and L. Eisner},
   title     = {The Finite-Difference Time-Domain Method for Modeling of Seismic
Wave Propagation},
   volume    = {48},
   pages     = {421-516},
   year      = {2007},
   editor    = {Wu, R.S and Maupin, V. and Dmowska, R.},
   publisher = {Elsevier/Academic Press, San Diego},
   booktitle = {Advances in Wave Propagation in Heterogenous {E}arth}
}


@article{MontagnerNataf86,
   author    = {Montagner, J. P. and Nataf, H. C.},
   title     = {A Simple Method for Inverting the Azimuthal Anisotropy of Surface Waves},
   journal   = JGR,
   pages     = {511-520},
   year      = 1986,
   volume    = {91}
}


@article{Montagner1988,
   author    = {Montagner, J. P. and Jobert, N.},
   title     = {Vectorial tomography -{II}. {A}pplication to the {I}ndian {O}cean},
   journal   = GJ,
   pages     = {309--344},
   year      = 1988,
   volume    = {94}
}


@article{MontetTan91,
   author    = {Montagner, J. P. and Tanimoto, T.},
   title     = {Global upper mantle tomography of seismic velocities and anisotropies},
   journal   = JGR,
   pages     = {20337--20351},
   year      = 1991,
   volume    = {96}
}


@article{Montagner1993,
   author    = {Montagner, J. P. and Romanowicz, B.},
   title     = {Degrees 2, 4, 6 {I}nferred from {S}eismic {T}omography},
   journal   = GRL,
   pages     = {631--634},
   year      = 1993,
   volume    = {20}
}


@article{Montagner1994,
   author    = {Montagner, J. P.},
   title     = {What can seismology tell us about mantle convection?},
   journal   = RG,
   pages     = {115--137},
   year      = 1994,
   volume    = {32,2}
}


@inproceedings{Montagner1995,
   author    = {Montagner, J.-P. and Stutzmann,  E.  and  Capdeville, Y.},
   editor    = {Anderson, D.L. and  Hart, S.R. and Hofmann, A.W.},
   title     = {Hotspot detection from seismological data},
   booktitle = {Plume 2, Terra Nostra},
   pages     = {103-106},
   year      = {1995},
   volume    = {3}
}


@inproceedings{Montagner1996,
   author    = {Montagner, J. P.},
   editor    = {Boschi and  Ekstrom and Morelli},
   title     = {Surface waves on a global scale - Influence of
       anisotropy and anelasticity},
   booktitle = {{S}ummer {S}chool of {E}rice, {S}eismic {M}odeling of the {E}arth's
       structure},
   pages     = {81--148},
   year      = {1996}
}


@Article{Montelli2004,
  author = 	 {Montelli, R. and Nolet, G. and Dahlen, F. and Masters, G. and Engdahl, E. and Hung, S.},
  title = 	 {Finite-frequency tomography reveals a variety of mantle plumes},
  journal = 	 {Science},
  year = 	 {2004},
  volume = 	 {303},
  pages = 	 {338-343},
}


@Article{Mora1987,
  author = 	 {Mora, P.},
  title = 	 {Nonlinear two-dimensional elastic inversion of 
multioffset seismic data},
  journal = 	 GEO,
  year = 	 {1987},
  volume = 	 {52},
  number = 	 {9},
  pages = 	 {1211--1228}
}

@article{MorHel95,
   author    = {J. Mori and D.V. Helmberger},
   title     = {Localized boundary layer below the mid-{P}acific velocity anomaly
       identified from {P}c{P} precursor},
   journal   = {J. Geophys. Res.},
   pages     = {20359-20365},
   year      = {1995},
   volume    = {100}
}


@article{Morelli1986,
   author    = {Morelli, A. and A.M. Dziewonski and J. H. Woodhouse},
   title     = {Anisotropy of the inner core inferred from {PKIKP} travel times},
   journal   = GRL,
   pages     = {1545--1548},
   year      = 1986,
   volume    = {13}
}


@article{Morgan1971,
   author    = {Morgan, W.J.},
   title     = {Convection plumes in the lower mantle.},
   journal   = {Nature},
   pages     = {42--43},
   year      = 1971,
   volume    = {230}
}


@article{Natafetal86,
   author    = {Nataf, H. C. and Nakanishi, I. and Anderson, D. L.},
   title     = {Measurement of mantle wave velocities and inversion for lateral
heterogeneity and anisotropy, {III}. {I}nversion},
   journal   = JGR,
   pages     = {7261--7307},
   year      = 1986,
   volume    = {91}
}


@article{Nataf1996,
   author    = {Nataf, H. C. and Ricard, Y.},
   title     = {3{SMAC}: an a priori tomographic model of the upper
mantle based on geophysical modeling},
   journal   = PEPI,
   pages     = {101--122},
   year      = 1996,
   volume    = {95}
}


@Article{Nawaetal98,
  author =       {Nawa, K. and N. Suda and Y. Fukao and T. Sato and Y. Aoyama
and K. shibuya},
  title =        {Incessant excitation of the {E}arth's free oscillations},
  journal =      {Earth. Planet. Space},
  pages     = {3-8},
  year      = 1998,
  volume    = {50}
}


@article{Nataf1993,
   author    = {Nataf, H. C. and Vandecar, T.},
   title     = {Seismological detection of mantle plume?},
   journal   = {Nature},
   pages     = {115--120},
   year      = 1993,
   volume    = {364}
}


@Article{Ni2000,
  author = 	 {Ni, S. and D. V. Helmberger},
  title = 	 {Horizontal transition from fast (slab) to slow (plume) structures at the Core-Mantle Boundary},
  journal = 	 EPSL,
  year = 	 {2000},
  note = 	 {submitted},
}


@Article{Nishida2007,
  author =       {Nishida, K. and Y. Fukao},
  title =        {Source distribution of {E}arth's background free oscillations},
  journal =      JGR,
  pages     = {B06306, doi:10.1029/2006JB004720},
  year      = 2007,
  volume    = {112}
}


@Article{OlsenArchuleta96,
  author =       {Olsen, K. B. and R. J. Archuleta},
  title =        {3-{D} simulation of earthquakes on the {L}os {A}ngeles fault system},
  journal =      BSSA,
  year =         {1996},
   pages     = {575-596},
   volume    = {86}
}


@article{Olson1987,
  note =         {ed},
   author    = {Olson, P and Scubert, G. and Snderson, C.},
   title     = {Plume formation  in the {D}'' layer and the roughness of the
       core--mantle boundary},
   journal   = {Nature},
   pages     = {409--413},
   year      = 1987,
   volume    = {327}
}


@article{Ors80,
   author    = {S.A. Orszag},
   title     = {Spectral methods for problems in complex geometries},
   journal   = {J. Comp. Phys.},
   pages     = {70-92},
   year      = {1980},
   volume    = {37}
}


@article{Par86,
   author    = {J. Park},
   title     = {Synthetics seismograms from coupled free oscillations: the effects of lateral
       structure and rotations},
   journal   = {J. Geophys. Res.},
   pages     = {6441-6464},
   year      = {1986},
   volume    = {91}
}


@article{Par87,
   author    = {J. Park},
   title     = {Asymptotic coupled-mode expressions for multiplet amplitude
       anomalies and frequency shifts on a laterall heterogeneous {E}arth},
   journal   = {Geophys. J. R. Astr. Soc.},
   pages     = {129-170},
   year      = {1987},
   volume    = {90}
}


@article{Par89,
   author    = {J. Park},
   title     = {Roughness constrains in surface wave tomography},
   journal   = {Geophys. Res. Lett.},
   pages     = {1329-1332},
   year      = {1989},
   volume    = {16}
}


@article{Par90,
   author    = {J. Park},
   title     = {Radial mode observation from the 5/23/89 {M}acquarie ridge earthquake},
   journal   = {Geophys. Res. Lett.},
   pages     = {1005-1008},
   year      = {1990},
   volume    = {17}
}


@article{ParGil86,
   author    = {J. Park and F. Gilbert},
   title     = {Coupled free oscillations of an aspherical dissipative rotating
       {E}arth: {G}alerkin theory},
   journal   = {J. Geophys. Res.},
   pages     = {7241-7260},
   year      = {1986},
   volume    = {91}
}


@article{ParYu92,
   author    = {J. Park and Y. Yu},
   title     = {Anisotropy and coupled free oscillations: simplified models and
       surface wave observations},
   journal   = {Geophys. J. Int.},
   pages     = {401-420},
   year      = {1992},
   volume    = {110}
}


@article{Patera84,
   author    = {A. T. Patera},
   title     = {A {S}pectral {E}lement {M}ethod for fluid dynamics: laminar flow in a channel expansion},
   journal   = {J. Comput. Phys.},
   pages     = {468-488},
   year      = {1984},
   volume    = {54}
}


@article{Paul05,
   author    = {Paul, A. and M. Campillo and L. Margerin and E. Larose and A. Derode},
   title     = {Empirical synthesis of time-asymmetrical Green functions from
the correlation of coda waves},
   journal   = JGR,
   pages     = {B08302, doi:10.1029/2004JB003521},
   year      = {2005},
   volume    = {110}
}


@article{PhinneyBurridge1973,
   author    = {Phinney, R. A. and Burridge, R.},
   title     = {Representation of Elastic-Gravitational
       Excitation of a Spherical Earth Model by Generalized Spherical
       Harmonics.},
   journal   = GJras,
   pages     = {451--278},
   year      = 1973,
   volume    = {34}
}


@article{Pol92,
   author    = {F. Pollitz},
   title     = {Propagation of surface waves on a laterally heterogeneous {E}arth:
       asymptotic solution of the two dimensional wave equation},
   journal   = {Geophys. J. Int.},
   pages     = {67-78},
   year      = {1992},
   volume    = {111}
}


@article{Pol94,
   author    = {F. Pollitz},
   title     = {Surface wave scattering from sharp lateral discontinuities},
   journal   = {J. Geophys. Res.},
   pages     = {21891-21909},
   year      = {1994},
   volume    = {99}
}


@article{Pol98,
   author    = {F. Pollitz},
   title     = {Scattering of spherical elastic waves from small-volume spherical
       inclusion},
   journal   = {Geophys. J. Int.},
   pages     = {390-408},
   year      = {1998},
   volume    = {134}
}


@article{Priolo94,
   author    = {E. Priolo and J. M. Carcione and G. Seriani},
   title     = {Numerical simulation of interface waves by high-order spectral modeling techniques},
   journal   = {J. Acoust. Soc. Am.},
   pages     = {681-693},
   year      = {1994},
   volume    = {95:2}
}


@article{Prieto09,
   author    = {Prieto, G. A. and J. F. Lawrence and G. C. Beroza},
   title     = {Anelastic {E}arth Structure from the
Coherency of the Ambient Seismic Field},
   journal   = JGR,
   pages     = {B07303, doi:10.1029/2008JB006067},
   year      = {2009},
   volume    = {144}
}


@article{PulSen99,
   author    = {J. Pulliam and M.K. Sen},
   title     = {Seismic anisotropy in the core-mantle transition},
   journal   = {Geophys. J. Int.},
   year      = {1999}
}


@article{Puletal93,
   author    = {R.J. Pulliam and D.W. Vasco and L.R. Jonhson},
   title     = {Tomography inversions for mantle {P} wave velocity structure based
       on the minimization of $l^2$ and $l^1$ norms of {I}nternational
       {S}eismological {C}entre travel time residuals},
   journal   = {J. Geophys. Res.},
   pages     = {699-734},
   year      = {1993},
   volume    = {98}
}


@Article{Pratt1998,
  author = 	 {Pratt, R.G. and  Shin, Changsoo and Hicks, G.J.},
  title = 	 {Gauss-Newton and full Newton methods in frequency domain seismic waveform 
inversion},
  journal = 	 GJI,
  year = 	 {1998},
  volume = 	 {133},
  pages = 	 {341--362}
}


@Article{Qin2009,
  author =       {Y. Qin and Y. Capdeville and J.P. Montagner and L. Boschi and
T. W. Becker},
  title =        {Reliability of mantle tomography models assessed by
spectral-element simulation},
  journal =      GJI,
  year =         {2009},
  volume =       {175},
  pages =        {598-616}
}


@article{Ranetal96,
   author    = {M. Ran\v{c}i\'{c} and R.J. Purser and F. Mesinger},
   title     = {A global shallow-water model using expanded spherical cube: 
       {G}nomonic versus conformal coordinates.},
   journal   = {Quart. J. Roy. Met. Soc.},
   pages     = {959},
   year      = {1996},
   volume    = {122}
}


@article{ResRit99,
   author    = {J.S. Resovsky and M.H. Ritzwoller},
   title     = {A degree 8 mantle shear velocity model from normal mode observations
       below 3 m{H}z},
   journal   = {J. Geophys. Res.},
   pages     = {993-1014},
   year      = {1999},
   volume    = {104}
}


@article{Resetal88,
   author    = {M. Reshef and D. Kosloff and M. Edwards and C. Hsiung},
   title     = {Three-dimensional elastic modeling by the {F}ourier method},
   journal   = {Geophysics},
   pages     = {1184-1193},
   year      = {1988},
   volume    = {53}
}


@article{RevMey97,
   author    = {J.S. Revenaugh and R. Meyer},
   title     = {Seismic evidence of partial melt within a possibly ubiquitous low
       velocity layer at the base of the mantle},
   journal   = {Science},
   pages     = {670-673},
   year      = {1997},
   volume    = {277}
}


@article{Rhie04,
   author    = {Rhie, J. and B. Romanowicz},
   title     = {Excitation of {E}arth's incessant free oscillations by
{A}tmosphere-{O}cean-{S}eafloor coupling},
   journal   = NAT,
   pages     = {552-556},
   year      = {2004},
   volume    = {431}
}


@article{RitLav95,
   author    = {M.H. Ritzwoller and E.M. Lavely},
   title     = {Three dimensional seismic models of the {E}arth's mantle},
   journal   = {Rev. Geophys.},
   pages     = {1-66},
   year      = {1995},
   volume    = {33}
}


@Article{Ritsema1998,
  author = 	 {J. Ritsema and S. Ni and D. V. Helmberger and H. P. Crotwell},
  title = 	 {Anomalous shear velocity reductions and gradients in the lower mantle beneath Africa},
  journal = 	 GRL,
  year = 	 {1998},
  volume = 	 {25},
  pages = 	 {4245-4248},
}


@article{Ritsetal99,
   author    = {Ritsema, J. and H. vanHeijst and J. H. Woodhouse},
   title     = {Complex shear wave velocity structure imaged beneath 
       {A}frica and {I}celand},
   journal   = {Science},
   pages     = {1925--1928},
   year      = {1999},
   volume    = {286}
}


@article{Rob96,
   author    = {J.O.A. Robertsson},
   title     = {A numerical free-surface condition for elastic/viscoelastic
       finite-difference modeling in the presence of topography},
   journal   = {Geophysics},
   pages     = {1921-1934},
   year      = {1996},
   volume    = {61}
}


@book{Robin1958,
   author    = {Robin, L.},
   title     = {Fonctions sph\'eriques de {L}egendre et fonctions sph\'eroidales},
   year      = 1958 ,
   publisher = {Gauthier Villars, Paris}
}


@article{RomRou86,
   author    = {B. Romanowicz and G. Roult},
   title     = {First order asymptotics for the eigenfrequencies of the {E}arth
       and application to the retrieval of large-scale variations of
       structure},
   journal   = {Geophys. J. R. Astr. Soc.},
   pages     = {209-240},
   year      = {1986},
   volume    = {87}
}


@article{RomSni88,
   author    = {B. Romanowicz and R. Snieder},
   title     = {A new formalism for the effect of lateral heterogeneity on normal
       modes and surface waves: {II}. {G}eneral anisotropic perturbation},
   journal   = {Geophys. J. Int.},
   pages     = {91-99},
   year      = {1988},
   volume    = {93}
}


@article{Romanowicz1987,
   author    = {Romanowicz, B.},
   title     = {Multiplet--multiplet coupling due to lateral heterogeneity:
       asymptotic effects on the amplitude and frequency of
       the {E}arth's normal modes},
   journal   = GJras,
   pages     = {75--100},
   year      = 1987,
   volume    = {90}
}


@article{Romano90,
   author    = {Romanowicz, B.},
   title     = {The upper mantle degree two: constraints and 
inferences on attenuation tomography from global mantle wave measurements},
   journal   = JGR,
   pages     = {11051--11071},
   year      = 1990,
   volume    = {95}
}


@article{Romanowicz2003,
   author    = {Romanowicz, B.},
   title     = {Global mantle tomography: progress status in the last 10 years},
   journal   = {Annu. Rev. Geoph. Space Phys},
   pages     = {303--28},
   year      = 2003,
   volume    = {31}
}


@article{Ronchi1996,
   author    = {C. Ronchi and R. Ianoco and P. S. Paolucci},
   title     = {The `{C}ubed {S}phere': a new method for the solution of
       partial differential equations in
       spherical geometry},
   journal   = {J. Comput. Phys.},
   pages     = {93-114},
   year      = {1996},
   volume    = {124}
}


@article{Roult1994,
   author    = {Roult, G. and Rouland, D. and Montagner, J. P.},
   title     = {Antartica {II}: {U}pper--mantle structure from velocities and
       anisotropy},
   journal   = PEPI,
   pages     = {33--57},
   year      = 1994,
   volume    = {84}
}


@article{RouxKup04,
   author    = {Roux, P. and W. A. Kuperman},
   title     = {Extracting coherent wavefronts from acoustic ambient noise in
the ocean},
   journal   = JASA,
   pages     = {1995-2003, doi:10.1121/1.1797754},
   year      = {2004},
   volume    = {116(4)}
}


@article{Roux05,
   author    = {Roux, P. and K. G. Sabra and W. A. Kuperman},
   title     = {Ambient noise cross-correlation in free space: {T}heoretical
approach},
   journal   = JASA,
   pages     = {79-84, doi:10.1121/1.1830673},
   year      = {2005},
   volume    = {117(1)}
}


@article{Roux05b,
   author    = {Roux, P. and K. G. Sabra and P. Gerstoft and W. A. Kuperman and
M. C. Fehler},
   title     = {P-waves from cross-correlation of seismic noise},
   journal   = GRL,
   pages     = {L19303, doi:10.1029/2005GL023803},
   year      = {2005},
   volume    = {32}
}


@article{Sad72,
   author    = {R. Sadourny},
   title     = {Conservative finite-difference approximations of the primitive
       equation on quasi-uniform spherical grids},
   journal   = {Mon. Weather Rev.},
   pages     = {136-144},
   year      = {1972},
   volume    = {100}
}


@article{Sabra05,
   author    = {Sabra, K. G. and P. Roux and W. A. Kuperman},
   title     = {Arrival-time structure of the time-averaged ambient noise
cross-correlation function in an oceanic waveguide},
   journal   = JASA,
   pages     = {164-174, doi:10.1121/1.1835507},
   year      = {2005},
   volume    = {117(1)}
}


@inproceedings{Saito1988,
   author    = {Saito, M.},
   editor    = {Doornbos, D. J.},
   title     = {{DISPER80}: A Subroutine Package for the Calculation of Seismic
       Normal--Mode Solutions},
   booktitle = {{S}eismological alogorithms},
   pages     = {294--319},
   year      = 1988,
   publisher = {Academic Press, New York}
}


@article{Seriani94,
   author    = {G. Seriani and E. Priolo},
   title     = {Spectral {E}lement {M}ethod for acoustic wave simulation in heterogeneous media},
   journal   = {Finite Elements in Analysis and Design},
   pages     = {337-348},
   year      = {1994},
   volume    = {16}
}


@article{Seriani98,
   author    = {G. Seriani},
   title     = {3{D} large-scale wave propagation modeling by a {S}pectral {E}lement
{M}ethod on a {C}ray {T}3{E} multiprocessor},
   journal   = {Computer Methods in Applied Mechanics and Engineering},
   pages     = {235-247},
   year      = {1998},
   volume    = {164(1)}
}


@article{Sesma83,
   author    = {S\'anchez--Sesma, F. J},
   title     = {Diffraction of elastic waves by three-dimensional surface
irregularities},
   journal   = BSSA,
   pages     = {1621-1636},
   year      = 1983,
   volume    = {73(6)}
}


@article{Sesma91,
   author    = {S\'anchez--Sesma, F. J. and M. Campillo},
   title     = {Diffraction of {P}, {SV} and {R}ayleigh waves
       by topographic features: a boundary integral formulation},
   journal   = BSSA,
   pages     = {2234--2253},
   year      = 1991,
   volume    = 81
}


@inproceedings{Sesma98,
   author    = {S\'anchez--Sesma, F. J. and Vai, R.},
   editor    = {Irikura and Kudo abd Okada and Sasatani},
   title     = {Absorbing boundaries in the frequency domain},
   booktitle = {{T}he effects of surface Geology on Seismic Motion},
   pages     = {961--966},
   year      = 1998,
   publisher = {Balkema,Rotterdam}
}


@article{Sesma06a,
   author    = {S\'anchez--Sesma, F. J. and M. Campillo},
   title     = {Retrieval of the {G}reen's function from cross-correlation:
{T}he canonical elastic problem},
   journal   = BSSA,
   pages     = {1182-1191},
   year      = 2006,
   volume    = {96},
}

 
@article{Sesma06b,
   author    = {S\'anchez--Sesma, F. J. and J. P\'erz-Ruiz and M. Campillo and
F. L\'uzon},
   title     = {Elastodynamic 2{D} {G}reen function retrieval from
cross-correlation: {C}anonical inclusion problem},
   journal   = GRL,
   pages     = {L13305, doi:10.1029/2006GL026454},
   year      = 2006,
   volume    = {33},
}


@article{Sesma08,
   author    = {S\'anchez--Sesma, F. J. and J. P\'erz-Ruiz and F. L\'uzon and 
M. Campillo and A. Rodr\`iguez-Castellanos},
   title     = {Diffuse fields in dynamic elasticity},
   journal   = WM,
   volume    = {45},
   pages     = {641-654},
   year      = 2008,
}


@article{ShapRitz02,
   author    = {Shapiro, N. M. and M. H. Ritzwoller},
   title     = {Monte-{C}arlo inversion for a global shear velocity model of the
crust and upper mantle},
   journal   = GJI,
   pages     = {88-105},
   year      = 2002,
   volume    = {151},
}


@article{ShapCamp04,
   author    = {Shapiro, N. M. and M. Campillo},
   title     = {Emergence of broadband {R}ayleigh waves from correlations of the
ambient seismic noise},
   journal   = GRL,
   pages     = {L07614, doi:10.1029/2004GL019491},
   year      = 2004,
   volume    = {31},
}


@article{Shapetal05,
   author    = {Shapiro, N. M. and M. Campillo and L. Stehly and M. H.
Ritzwoller},
   title     = {High-resolution surface wave tomography from ambient 
seismic noise},
   journal   = SCI,
   pages     = {1615-1618},
   year      = 2005,
   volume    = {307},
}


@inproceedings{Shearer1998,
   author    = {Shearer, P. and Y. Hedlin and P. Earle},
   editor    = {M. Gurnis and M. E. Wysession and E. Knittle and B. A. Buffett},
   title     = {{PKP} and {PKKP} precursor observations: implications for the 
       small-scale structure of the deep mantle and core},
   booktitle = {{C}ore--{M}antle {B}oundary {R}egion},
   pages     = {37--56},
   year      = {1998},
   publisher = {{G}eodynamics {S}eries,{AGU}, {W}ashington, {DC}},
   volume    = {28}
}


@article{Silveira1998,
   author    = {Silveira,  G. and Stutzmann, E. and  Griot, D. and Montagner,
       J. P. and Mendes-Victor, L.},
   title     = {Anisotropic Tomography of the {A}tlantic Ocean from {R}ayleigh
       Surface Waves},
   journal   = PEPI,
   pages     = {259--275},
   year      = 1998,
   volume    = {106/3--4}
}


@article{Singh2000,
   author    = {S. C. Singh and M. A. J. Taylor and J. P. Montagner},
   title     = {On the presence of liquid in {E}arth's Inner Core},
   journal   = SCI,
   year      = {2000},
   volume    = {287},
   optpages  = {2471--2474}
}


@article{Sni88,
   author    = {R. Snieder},
   title     = {Large scale inversion of surface waves for lateral heterogeneity: 2.
       {A}pplication to surface waves in {E}urope and the {M}editerranean},
   journal   = {J. Geophys. Res.},
   pages     = {12067-12080},
   year      = {1988},
   volume    = {93}
}


@article{SniRom88,
   author    = {R. Snieder and B. Romanowicz},
   title     = {A new formalis for the effect of lateral heterogeneity on normal
       modes and surface waves: {I}. {I}sotropic perturbations, perturbations
       of interfaces and gravitational perturbances},
   journal   = {Geophys. J. Int.},
   pages     = {207-222},
   year      = {1988},
   volume    = {92}
}


@article{Snieder1986,
   author    = {Snieder, R.},
   title     = {3{D} {L}inearized scattering of surface waves and formalism for
       surface wave holography},
   journal   = GJras,
   pages     = {581--605},
   year      = 1986,
   volume    = {84}
}


@article{Snieder1986b,
   author    = {Snieder, R.},
   title     = {The influence of topography on the propagation and scattering
       of surface waves},
   journal   = PEPI,
   pages     = {226--241},
   year      = 1986,
   volume    = {44}
}


@article{SniederNolet1987,
   author    = {Snieder, R. and Nolet, G.},
   title     = {Linearized scattering waves on a spherical {E}arth},
   journal   = {J. Geophys.},
   pages     = {55--63},
   year      = 1987,
   volume    = {61}
}


@article{Snieder04,
   author    = {Snieder, R.},
   title     = {Extracting the {G}reen's function from the correlation of coda
waves: {A} derivation based on stationary phase},
   journal   = {Phys. Rev. E},
   pages     = {046610},
   year      = 2004,
   volume    = {69}
}


@article{Snieder07,
   author    = {Snieder, R.},
   title     = {Extracting the Green's function of attenuating heterogeneous
media from uncorrelated waves},
   journal   = JASA,
   pages     = {2637-2643},
   year      = 2007,
   volume    = {121}
}


@article{Song1996,
   author    = {Song, X. and P. Richards},
   title     = {Seismological evidence for differential rotation of the {E}arth's inner core},
   journal   = NAT,
   pages     = {221--224},
   year      = 1996,
   volume    = {382}
}


@article{Souriau1997,
   author    = {Souriau, A. and P. Roudil and B. Moynot},
   title     = {Inner core differetial rotation: Facts and artefacts},
   journal   = GRL,
   pages     = {2103--2106},
   year      = 1997,
   volume    = {24}
}


@article{Souriau1997b,
   author    = {Souriau, A. and B. Romanowicz},
   title     = {Anisotropy in the inner core; relation between {P}--velocity and attenuation},
   journal   = PEPI,
   pages     = {33--47},
   year      = 1997,
   volume    = {101}
}


@article{SpoCar2000,
   author    = {W.F. Spotz and G.F. Carey},
   title     = {Extension of high order compact schemes to time dependent problems},
   journal   = {Num. Meth. Part. Diff. Eq.},
   year      = {2000},
   note      = {in press}
}


@inproceedings{Spoetal2000,
   author    = {W.F. Spotz and M.A. Taylor and P.N. Swarztrauber},
   title     = {Fast and High-order solutions to the spherical shallow-water equations},
   booktitle = {Applied Numerical Mathematics, {P}roceedings of the {F}ourth 
       {I}nternational {C}onference on {S}pectral and {H}igh-{O}rder 
       Methods,},
   pages     = {191-197},
   year      = {2000},
   month     = {May},
   volume    = {33}
}


@article{Spoetal98,
   author    = {W.F. Spotz and M.A. Taylor and P.N. Swarztrauber},
   title     = {Fast shallow-water equation solvers in latitude-longitude coordinates},
   journal   = {J. Comp. Phys.},
   pages     = {432-444},
   year      = {1998},
   volume    = {145}
}
@article{Taylor97,
   author    = {M. Taylor and J. Tribbia and M. Iskandarani},
   title     = {The spectral element method for the shallow water 
equations on the sphere},
   journal   = {J. Comp. Phys.},
   pages     = {92--108},
   year      = {1997},
   volume    = {130}
}


@article{Sta77,
   author    = {G. Starius},
   title     = {Composite mesh difference methods for elliptic boundary value problems},
   journal   = {Numer. Math.},
   pages     = {243-258},
   year      = {1977},
   volume    = {28}
}


@article{Sta80,
   author    = {G. Starius},
   title     = {On composite mesh difference methods for hyperbolic differential
       equations},
   journal   = {Num. Math.},
   pages     = {241-255},
   year      = {1980},
   volume    = {35}
}


@article{Stacey1983,
   author    = {Stacey, F. D. and Loper, D. E.},
   title     = {The thermal boundary layer interpretation of {D}'' and its role
       to plume sources},
   journal   = PEPI,
   pages     = {45--55},
   year      = 1983,
   volume    = {33}
}


@article{Stange1992,
   author    = {Stange, S. and Friederich, W.},
   title     = {Guided wave propagation across sharp lateral heterogeneities:
       the complete wavefield at a cylindrical inclusion},
   journal   = GJI,
   pages     = {470--482},
   year      = 1992,
   volume    = {111}
}


@Book{Strang1973,
  author = 	 {Strang, G. and Fix, G. J.},
  title = 	 {An Analysis of the Finite Element Method},
  publisher = 	 {Prentice-Hall, Englewood Cliffs},
  year = 	 {1973}
}


@article{Stead1988,
  author = 	 {Stead, R. J. and Helmberger, D. V.},
  title = 	 {Numerical--analytical interfacing in two dimensions with 
applications to modeling {NST} seismograms}, 
  journal = 	 {Pure Appl. Geophys.},
  year = 	 {1988},
  volume = 	 {174},
  pages = 	 {153--174},
}


@article{Stehly06,
  author =       {Stehly, L. and M. Campillo and N.M. Shapiro},
  title =        {A study of the seismic noise from its long-range correlation
properties},
  journal =      JGR,
  year =         {2006},
  volume =       {111},
  pages =        {B10306, doi:10.1029/2005JB004237},
}


@article{Stehly07,
  author =       {Stehly, L. and M. Campillo and N.M. Shapiro},
  title =        {Traveltime measurements from noise correlation: stability
and detection of instrumental time-shifts},
  journal =      GJI,
  year =         {2007},
  volume =       {171},
  pages =        {223-230, doi:10.1111/j.1365-246X.2007.03492.x},
}


@article{Stehly09,
  author =       {Stehly, L. and B. Fry and M. Campillo and N.M. Shapiro and J.
Guilbert and L. Boschi and D. Giardini},
  title =        {Tomography of the Alpine Region from Observations of Seismic
Ambient Noise},
  journal =      GJI,
  year =         {2009},
  volume =       {178},
  pages =        {338-350, doi:10.1111/j.1365-246X.2009.04132.x},
}


@article{Stehly11,
  author =       {Stehly, L. and P. Cupillard and B. Romanowicz},
  title =        {Towards improving ambient noise tomography using
simultaneously curvelet denoising filters and {SEM} simulations of seismic
ambient noise},
  journal =      {C. R. Geoscience},
  year =         {2011},
  note =         {accepted}
}


@article{Stupazzinietal09,
 author = {Stupazzini, Marco and Paolucci, Roberto and Igel, Heiner},
 title = {Near-Fault Earthquake Ground-Motion Simulation in the
{G}renoble Valley by a High-Performance Spectral Element Code},
 journal = BSSA,
 year = 2009,
 volume = {99(1)},
 pages = {286-301}
}


@inproceedings{Stutzmann1997,
   author    = {Stutzmann, E. and Capdeville, Y. and Montagner, J. P.},
   title     = {Study of {H}awa\"{\i} {H}otspot {S}tructure {U}sing {S}eismic {S}urface {W}aves},
   booktitle = {IASPEI 1997, Thessaloniki, Greece, Abstracts},
   pages     = {241},
   year      = 1997
}


@article{Stutzmann2000,
   author    = {Stutzmann, E. and Vinnik, L. and Ferreira, A. and Singh, S.},
   title     = {Constraint on the S-wave velocity at the base of the mantle},
   journal   = GRL,
   pages     = {1571},
   year      = {2000},
   volume    = {27},
   number    = {11}
}


@article{Su1994,
   author    = {Su, W--J and R. L. Woodward and A. M. Dziewonski},
   title     = {Degree--12 model of shear velocity heterogeneity in the mantle},
   journal   = JGR,
   pages     = {6945--6980},
   year      = 1994,
   volume    = {99}
}


@article{Suetal93,
   author    = {L. Su and J. Park and Y. Yu},
   title     = {Born seismograms using coupled free oscillations: the effect of strong coupling and anisotropy},
   journal   = {Geophys. J. Int.},
   pages     = {849-862},
   year      = {1993},
   volume    = {115}
}


@article{Suetal94,
   author    = {W.J. Su and R.L. Woodward and A.M. Dziewonski},
   title     = {Degree 12 model of shear velocity heterogeneity in the mantle},
   journal   = {J. Geophys. Res.},
   pages     = {6945-6980},
   year      = {1994},
   volume    = {99}
}


@article{Swa93,
   author    = {P. N. Swarztrauber},
   title     = {The vector harmonic transform method for solving partial
       differential equations in spherical geometry},
   journal   = {Mon. Wea. Rev.},
   pages     = {3415-3437},
   year      = {1993},
   volume    = {121}
}


@article{Swa96,
   author    = {P.N. Swarztrauber},
   title     = {Spectral transform methods for solving the shallow water equations
       on the sphere},
   journal   = {Mon. Wea. Rev.},
   pages     = {730-744},
   year      = {1996},
   volume    = {124}
}


@article{Takeuchi2000,
   author    = {N. Takeuchi and R.J. Geller},
   title     = {Optimally accurate second order time-domain finite difference
       scheme for computing synthetic seismograms in 2-{D} and 3-{D}
       media},
   journal   = {Phys. Earth Planet. Int.},
   pages     = {99-131},
   year      = {2000},
   volume    = {119}
}


@article{Taketal2000,
   author    = {Takeuchi, N. and Geller, R. and Cummins, P. R.},
   title     = {Complete synthetic seismograms for 3--{D} heterogeneous {E}arth
       models computed usind modified {DSM} operators and
       their applicability to inversion for {E}arth structure},
   journal   = PEPI,
   pages     = {25--36},
   year      = 2000,
   volume    = {119}
}


@article{Taketal96,
   author    = {N. Takeuchi and R.J. Geller and P. Cummins},
   title     = {Highly accurate {P-SV} complete synthetic seismograms using modified
       {DSM} operators},
   journal   = {Geophys. Res. Lett.},
   pages     = {1175-1178},
   year      = {1996},
   volume    = {23}
}


@article{TakeuchiSaito1972,
   author    = {Takeuchi, H. and Saito, M.},
   title     = {Seismic Surface Waves},
   journal   = {Methods in computational Physics.},
   pages     = {217--295},
   year      = 1972,
   volume    = {11}
}


@article{Tanimoto1984a,
   author    = {Tanimoto, T.},
   title     = {A simple derivation of the formula to calculate synthetic
       long period seismograms in heterogeneous earth by normal mode summation.},
   journal   = GJras,
   pages     = {275--278},
   year      = 1984,
   volume    = {77}
}


@article{Tanimoto1984b,
   author    = {Tanimoto, T.},
   title     = 
       {Waveform inversion of mantle Love waves: the {B}orn
       seismogram approach.},
   journal   = GJras,
   pages     = {641--660},
   year      = 1984,
   volume    = {78}
}


@article{Tanimoto1986,
   author    = {Tanimoto, T.},
   title     = {Free oscillations of a slightly anisotopic earth.},
   journal   = GJras,
   pages     = {493--517},
   year      = 1986,
   volume    = {87}
}


@article{Tape09,
  author =       {C. Tape and Q. Liu and A. Maggi and J. Tromp},
  title =        {Adjoint tomography of the southern {C}alifornia crust},
  journal =      SCI,
  year =         {2009},
  volume =       {325},
  pages =        {988-992}
}


@article{Tape10,
  author =       {C. Tape and Q. Liu and A. Maggi and J. Tromp},
  title =        {Seismic tomography of the southern {C}alifornia crust based on
spectral-element and adjoint methods},
  journal =      GJI,
  year =         {2010},
  volume =       {180},
  pages =        {433-462}
}


@article{TarantolaValette82,
   author    = {Tarantola, A. and B. Valette},
   title     = {Generalized Nonlinear Inverse Problems Solved Using the Least
       Squares Criterion},
   journal   = {Rev. Geophys.},
   pages     = {219--232},
   year      = 1982,
   volume    = {20}
}


@Article{Tarantola84,
  author = 	 {Tarantola, A.},
  title = 	 {Inversion of Seismic Reflection Data in the Acoustic Approximation},
  journal = 	 GEO,
  year = 	 {1984},
  volume = 	 {49},
  pages = 	 {1259--1266}
}


@Article{Tarantola1988,
  author = 	 {Tarantola, A.},
  title = 	 {Theoritical background for the inversion of 
seismic waveforms, including elasticity and attenuation}, 
  journal = 	 {Pure Appl. Geophys.},
  year = 	 {1988},
  volume = 	 {128},
  number = 	 {1/2},
  pages = 	 {365--399},
}


@article{Tesetal92,
   author    = {E. Tessmer and D. Kosloff and A. Behle},
   title     = {Elastic wave propagation simulation in presence of surface topography},
   journal   = {Geophys. J. Int.},
   pages     = {621-632},
   year      = {1992},
   volume    = {108}
}


@article{TeixChew99,
   author    = {Teixeira, F. L. and W. C. Chew},
   title     = {Differential forms, metrics and the reflectionless absorption of
electromagnetic waves},
   journal   = {J. Electromagnet. Wave},
   pages     = {665-686},
   year      = {1999},
   volume    = {13(4)}
}


@article{Thoetal2000,
   author    = {C. Thomas and H. Igel and M. Weber and F. Scherbaum},
   title     = {Simulation of {P}-wave propagation in a heterogeneous spherical {E}arth:
       The influence of scatterers on the {PKP} wavefield},
   journal   = {Geophys. J. Int.},
   pages     = {307-320},
   year      = {2000},
   volume    = {141}
}


@article{Tiggelen03,
   author    = {B. A. van Tiggelen},
   title     = {Green function retrieval and time-reversal in a disordered
world},
   journal   = PRL,
   pages     = {243904},
   year      = {2003},
   volume    = {91(24)}
}


@article{Trampert95,
   author    = {Trampert, J. and  Woodhouse, J. H.},
   title     = {Global phase velocity maps of {L}ove and {R}ayleigh waves between
       40 and 150 seconds},
   journal   = GJI,
   pages     = {675--690},
   year      = 1995,
   volume    = 122
}


@article{TroDah90,
   author    = {J. Tromp and F.A. Dahlen},
   title     = {Free oscillations of a spherical anelastic {E}arth},
   journal   = {Geophys. J. Int},
   pages     = {707-723},
   year      = {1990},
   volume    = {103}
}


@article{TroDah92,
   author    = {J. Tromp and F.A. Dahlen},
   title     = {Variational principles for surface wave propagation on a laterally
       heterogeneous {E}arth: 2. {F}requency domain {JWKB} theory},
   journal   = {Geophys. J. Int.},
   pages     = {599-619},
   year      = {1992},
   volume    = {109}
}


@article{TroDah93,
   author    = {J. Tromp and F.A. Dahlen},
   title     = {Maslov theory for surface wave propagation on a laterally heterogeneous
       {E}arth},
   journal   = {Geophys. J. Int.},
   pages     = {512-528},
   year      = {1993},
   volume    = {115}
}


@article{Tromp05,
  author = 	 {J. Tromp and C. Tape and Q. Liu},
  title = 	 {Seismic tomography, adjoint methods, time reversal and banana-doughnut kernels},
  journal = 	 GJI,
  year = 	 {2005},
  volume = 	 {160},
  pages = 	 {195--216}
}


@article{Umetal91,
   author    = {J. Um and F.A. Dahlen and J. Park},
   title     = {Normal mode multiplet coupling along a dispersion branch},
   journal   = {Geophys. J. Int.},
   pages     = {381-401},
   year      = {1991},
   volume    = {106}
}


@article{Vai1999,
   author    = {R. Vai and J.M.  Castillo-Covarrubias and F.J. S\'anchez-Sesma and
       Dimitri Komatitsch and Jean-Pierre Vilotte},
   title     = {Elastic wave propagation in an irregularly layered medium},
   journal   = {Soil Dyn. Earthquake Engrg.},
   pages     = {11-18},
   year      = {1999},
   volume    = {18}
}


@article{Val86,
   author    = {B. Valette},
   title     = {About the influence of pre-stress upon adiabatic perturbation of the
       {E}arth},
   journal   = {Geophys. J. R. Astr. Soc.},
   pages     = {179-208},
   year      = {1986},
   volume    = {85}
}


@phdthesis{Val87,
   author    = {B. Valette},
   title     = {Spectre des oscillations libres de la {T}erre : aspects math\'ematiques et
       g\'eophysiques},
   year      = {1987},
   school    = {Universit\'e {P}aris VII},
   type      = {Th\`ese de {D}octorat d'\'Etat}
}


@article{Val89a,
   author    = {B. Valette},
   title     = {Spectre de vibrations propres d'un corps \'elastique, autogravitant,
       en rotation uniforme et contenant une partie fluide},
   journal   = {C.R. Acad. Sci.},
   pages     = {419-422},
   year      = {1989},
   volume    = {309},
   note      = {S\'erie {I}}
}


@article{Val89b,
   author    = {B. Valette},
   title     = {\'Etude d'une classe de probl\`eme spectraux},
   journal   = {C.R. Acad. Sci.},
   pages     = {785-788},
   year      = {1989},
   volume    = {309},
   note      = {S\'erie I}
}


@article{Valette1986,
   author    = {Bernard Valette},
   title     = {About the influence of pre-stress upon the adiabatic
       perturbations of the Earth},
   journal   = {Geophys. J. Roy. Astron. Soc.},
   pages     = {179-208},
   year      = {1986},
   volume    = {85}
}


@article{VasJon98,
   author    = {D.W. Vasco and L.R. Jonhson},
   title     = {Whole earth structure estimated from seismic arrival times},
   journal   = {J. Geophys. Res.},
   pages     = {2633-2671},
   year      = {1998},
   volume    = {103}
}


@Article{Vidale1998,
  author = 	 {Vidale, J.E. and  Hedlin, M.A.H.},
  title = 	 {Evidence for partial melt at the core-mantle
                           boundary north of Tonga from the strong scattering of seismic waves},
  journal = 	 NAT,
  year = 	 {1998},
  volume = 	 {391},
  pages = 	 {682-685},
}


@article{Vidale2000,
   author    = {Vidale, J. E. and D. A. Dodge and P. S. Earle},
   title     = {Slow differential rotation of the Earth;s inner core indicated by
       temporal changes in scattering},
   journal   = NAT,
   pages     = {445--448},
   year      = 2000,
   volume    = {405}
}


@article{Vinetal95,
   author    = {L. Vinnik and B. Romanowicz and Y. Le Stunff and L. Makeyeva},
   title     = {Seismic anisotropy in the {D}" layer},
   journal   = {Geophys. Res. Lett.},
   pages     = {1657-1660},
   year      = {1996},
   volume    = {22}
}


@article{Vinnik1989,
   author    = {L. P. Vinnik and V. Farra and B. Romanowicz},
   title     = {Observational evidence for diffracted {SV} in the shadow 
       of the {E}arth's core},
   journal   = GRL,
   pages     = {519--522},
   year      = {1989},
   volume    = {16},
   number    = {6}
}


@article{Vinnik1995,
   author    = {L. P. Vinnik and B. Romanowicz and Y. Le Stunff and L. Makeyeva},
   title     = {Seismic anisotropy in the {D}" layer},
   journal   = GRL,
   pages     = {1657--1660},
   year      = {1995},
   volume    = {22},
   number    = {13}
}


@article{Vinnik1997,
   author    = {Vinnik, L. and Chevrot, S. and Montagner, J. P.},
   title     = {Evidence for a stagnant plume in the transition zone?},
   journal   = GRL,
   pages     = {1007--1010},
   year      = 1997,
   volume    = {24}
}


@article{Vinnik1998,
   author    = {Vinnik, L. and L. Br\'eger and B. Romanowicz},
   title     = {Anisotropic structures at the base of the {E}arth's mantle},
   journal   = NAT,
   pages     = {564--567},
   year      = 1998,
   volume    = {393}
}


@article{Vir84,
   author    = {J. Virieux},
   title     = {{SH} wave propagation in heterogeneous media: velocity-stress
finite difference method},
   journal   = {Geophysics},
   pages     = {1933-1942},
   year      = {1984},
   volume    = {49}
}


@article{Vir86,
   author    = {J. Virieux},
   title     = {{P-SV} wave propagation in heterogeneous media: velocity-stress finite difference
       method},
   journal   = {Geophysics},
   pages     = {889-901},
   year      = {1986},
   volume    = {51}
}


@article{Wap04,
   author    = {K. Wapenaar},
   title     = {Retrieving the elastodynamic {G}reen's function of an arbitrary
inhomogeneous medium by cross-correlation},
   journal   = PRL,
   pages     = {254301},
   year      = {2004},
   volume    = {93}
}


@article{Wap06,
   author    = {K. Wapenaar},
   title     = {Retrieving the elastodynamic {G}reen's function of an arbitrary
inhomogeneous medium by cross-correlation},
   journal   = JASA,
   pages     = {EL7-EL13, doi:10.1121/1.2208153},
   year      = {2006},
   volume    = {120(1)}
}


@article{WeavLob01,
   author    = {Weaver, R. L. and O. I. Lobkis},
   title     = {Ultrasonics without a source: {T}hermal fluctuation correlation
at {MH}z frequencies},
   journal   = PRL,
   pages     = {134301},
   year      = {2001},
   volume    = {87}
}


@article{LobWeav01,
   author    = {Lobkis, O. I. and R. L. Weaver},
   title     = {On the emergence of the {G}reen's function in the correlation of
a diffuse field},
   journal   = JASA,
   pages     = {3011-3017},
   year      = {2001},
   volume    = {110}
}


@article{WeavLob03,
   author    = {Weaver, R. L. and O. I. Lobkis},
   title     = {Elastic wave thermal fluctuations, ultrasonic waveforms by
correlation of thermal phonons},
   journal   = JASA,
   pages     = {2611-2621, doi:10.1121/1.1564017},
   year      = {2003},
   volume    = {113}
}


@article{WeavLob05a,
   author    = {R. L. Weaver and O. I. Lobkis},
   title     = {Fluctuations in diffuse field-field correlations and the
emergence of the Green's function in open systems},
   journal   = JASA,
   pages     = {3432-3439, doi:10.1121/1.1898683},
   year      = {2005},
   volume    = {117}
}


@article{WeavLob05b,
   author    = {R. L. Weaver and O. I. Lobkis},
   title     = {The mean and the variance of diffuse field correlations in
finite bodies},
   journal   = JASA,
   pages     = {3447-3456, doi:10.1121/1.2109307},
   year      = {2005},
   volume    = {118}
}


@article{Weavetal09,
   author    = {R. L. Weaver and B. Froment and M. Campillo},
   title     = {On the correlation of non-isotropically distributed ballistic
scalar diffuse waves},
   journal   = JASA,
   pages     = {1817-1826},
   year      = {2009},
   volume    = {126}
}


@article{Web93,
   author    = {M. Weber},
   title     = {{P} and {S} wave reflections from anomalies in the lowermost mantle},
   journal   = {Geophys. J. Int.},
   pages     = {183-210},
   year      = {1993},
   volume    = {115}
}


@Article{Wen1998,
  author = 	 {Wen, L. and D. V. Helmberger},
  title = 	 {Ultra-Low Velocity Zones Near the Core-Mantle Boundary from Broadband PKP Precursors},
  journal = 	 SCI,
  year = 	 {1998},
  volume = 	 {279},
  pages = 	 {1701-1703},
}


@Article{Wen1998b,
  author = 	 {Wen, L. and D. V. Helmberger},
  title = 	 {A two-dimensional P-SV hybrid method and its application to modeling localized structures near the
      core-mantle boundary},
  journal = 	 JGR,
  year = 	 {1998},
  volume = 	 {103},
  pages = 	 {17,901-17,918},
}


@article{Whitehead1975,
   author    = {Whitehead, J. A. and Luther, D. S.},
   title     = {Dynamics of {L}aboratory {D}iapir and {P}lume {M}odels},
   journal   = JGR,
   pages     = {705--717},
   year      = 1975,
   volume    = {80}
}


@article{WidHil97,
   author    = {S. Widiyantoro and R.D. van der Hilst},
   title     = {Mantle structure beneath {I}ndonesia inferred from high-resolution
       tomographic imaging},
   journal   = {Geophys. J. Int.},
   pages     = {167-182},
   year      = {1997},
   volume    = {130}
}


@article{WilGar96,
   author    = {Q. Williams and E.J. Garnero},
   title     = {Seismic evidence for partial melt at the base of {E}arth's mantle},
   journal   = {Science},
   pages     = {1528-1530},
   year      = {1996},
   volume    = {173}
}


@article{Wolfe1997,
   author    = {Wolfe, C. J. and Bjarnason, I. T. and VanDecar, J. C. and
       Solomon, S. C.},
   title     = {Seismic structure of the {I}celand mantle plume},
   journal   = {Nature},
   pages     = {245--247},
   year      = 1997,
   volume    = {385}
}


@article{Woo80,
   author    = {J.H. Woodhouse},
   title     = {The coupling and attenuation of nearly resonant multiplets in the
       {E}arth's free oscillation spectrum},
   journal   = {Geophys. J. R. Astr. Soc.},
   pages     = {61},
   year      = {261-283},
   volume    = {1980}
}


@inproceedings{Woo83,
   author    = {J.H. Woodhouse},
   title     = {The joint inversion of seismic wave forms for lateral variations in
       {E}arth structure and earthquake source parameter},
   booktitle = {Physics of the {E}arth's {I}nterior},
   organization = {Int. School of Physics "{E}nrico {F}ermi"},
   pages     = {366-397},
   year      = {1983},
   publisher = {North-Holland},
   address   = {Amsterdam},
   volume    = {85}
}


@article{WooDah78,
   author    = {J.H. Woodhouse and F.A. Dahlen},
   title     = {The effect of a general aspherical perturbation on the free
       oscillations of the {E}arth},
   journal   = {Geophys. J.R. Astr. Soc.},
   pages     = {335-354},
   year      = {1978},
   volume    = {53}
}


@article{WooWon86,
   author    = {J.H. Woodhouse and Y.K. Wong},
   title     = {Amplitude, phase and path anomalies of mantle waves},
   journal   = {Geophys. J. R. Astr. Soc.},
   pages     = {753-773},
   year      = {1986},
   volume    = {87}
}


@article{Woodhouse84,
   author    = {Woodhouse, J. H. and  Dziewonski, A. M.},
   title     = {Mapping the Upper Mantle: Three--Dimensional Modeling of Earth
       Structure by Inversion of Seismic Waveforms},
   journal   = JGR,
   pages     = {5953--5986},
   year      = 1984,
   volume    = {89}
}


@article{Woodhouse1986,
   author    = {Woodhouse, J. H. and  D. Giardini and X.--D Li},
   title     = {Evidence fpr inner core anisotropy from free oscillations},
   journal   = GRL,
   pages     = {1549--1552},
   year      = 1986,
   volume    = {13}
}


@inproceedings{Woodhouse1988,
   author    = {Woodhouse, J. H.},
   editor    = {Doornbos, D. J.},
   title     = {The Calculation of Eigenfrequencies and Eigenfunctions of the
       Free Oscillations of the Earth and the Sun},
   booktitle = {{S}eismological algorithms},
   pages     = {321--370},
   year      = 1988,
   publisher = {Academic Press, New York}
}


@article{WoodhouseDahlen1978,
   author    = {Woodhouse, J. H. and  Dahlen, F. A.},
   title     = {The effect of a general aspherical perturbation on the free
       oscillations of the {E}arth},
   journal   = GJras,
   pages     = {335--354},
   year      = 1978,
   volume    = {53}
}


@article{WoodhouseGirnius1982,
   author    = {Woodhouse, J. H. and  Girnius, T. P.},
   title     = {Surface waves and free oscillations
       in a regionalized earth model},
   journal   = GJras,
   pages     = {641--660},
   year      = 1982,
   volume    = {78}
}
@article{DeussWoodhouse2001,
   author    = {Deuss, A. and Woodhouse, J. H.},
   title     = {Theoritical free-oscillation spectra: 
the importance of wide band coupling},
   journal   = GJI,
   pages     = {833--842},
   year      = 2001,
   volume    = {146}
}

@article{Wysession2000,
   author    = {Wysession, M. E. and M. Fischer and G. 1<I. Al--eqabi and P. Shore},
   title     = {Using {MOMA} broadband Array {S}c{S}-{S} data to image smaller--scale
       structures at the base of the mantle},
   journal   = GRL,
   note     = {submitted},
   year      = 2000
}


@article{Yaoetal06,
   author    = {Yao, H. and R. D. van der Hilst and M. V. de Hoop},
   title     = {Surface-wave array tomography in {SE} {T}ibet from ambient seismic
noise and two-station analysis - {I}. {P}hase velocity maps},
   journal   = GJI,
   pages     = {732-744, doi:10.1111/j.1365-246X.2006.03028.x},
   year      = {2006},
   volume    = {166}
}


@article{Yao09,
   author    = {Yao, H. and R. D. van der Hilst},
   title     = {Analysis of ambient noise energy distribution and phase velocity
bias in ambient noise tomography, with application to {SE} {T}ibet},
   journal   = GJI,
   pages     = {1113-1132},
   year      = {2009},
   volume    = {179}
}


@article{Yang07,
   author    = {Yang, Y. and M. H. Ritzwoller and A. L. Levshin and N. M.
Shapiro},
   title     = {Ambient noise {R}ayleigh wave tomography across Europe},
   journal   = GJI,
   pages     = {259-274},
   year      = {2007},
   volume    = {168}
}


@article{YarRok98,
   author    = {N. Yarvin and V. Rokhlin},
   title     = {A generalize one-dimensional fast multipole method with applications
       to filtering of spherical harmonics},
   journal   = {J. Comp. Phys.},
   pages     = {594-609},
   year      = {1998},
   volume    = {147}
}


@book{Ying1996,
   author    = {Ying, J.},
   title     = {Tomographie par diffraction et d\'etection de panaches
       mantelliques dans le manteau inf\'erieur},
   year      = 1996,
   publisher = {Th\`ese de doctorat de l'{U}niversit\'e {P}aris 7}
}


@article{Ying1998,
   author    = {Ying, J. and Nataf, H. C.},
   title     = {Detection of mantle plumes in the lower mantle by diffraction
       tomography: theory},
   journal   = PEPI,
   pages     = {87--98},
   year      = 1998,
   volume    = {159}
}


@article{YuPar93,
   author    = {Y. Yu and J. Park},
   title     = {Upper mantle anisotropy and coupled-mode long-period surface waves},
   journal   = {Geophys. J. Int.},
   pages     = {389-412},
   year      = {1993},
   volume    = {126}
}


@article{ZhaDah96,
   author    = {L. Zhao and F.A. Dahlen},
   title     = {Mode-sum to ray-sum transformation in a spherical and an aspherical earth},
   journal   = {Geophys. J. Int.},
   pages     = {389-412},
   year      = {1996},
   volume    = {126}
}


@Article{Zhao2000,
  author = 	 {Zhao, L. and Jordan, T. H. and Chapman, C. H.},
  title = 	 {Three--dimensional {F}r\'echet differential kernels for seismic 
delay times},
  journal = 	 GJI,
  year = 	 {2000},
  volume = 	 {141},
  pages = 	 {558-576},
}

@InProceedings{Zhao2004,
  author = 	 {Zhao, L  and  Chevrot, S},
  title = 	 {Three-Dimensional Full-Wave Tomography on a Laptop},
  booktitle = 	 {Eos Trans. AGU},
  year = 	 {2004},
  volume = 	 {85(47)},
  note = 	 {{F}all meet. Suppl., Abstract  S53B-0225},
}

@article{Zhang1993,
   author    = {Zhang, Y. and Tanimoto, T.},
   title     = {High--{R}esolution {G}lobal {U}pper {M}antle {S}tructure and
       {P}late {T}ectonics},
   journal   = JGR,
   pages     = {9793--9823},
   year      = 1993,
   volume    = {98}
}


@book{ZieMor83,
   author    = {O.C. Zienkiewicz and K. Morgan},
   title     = {Finite elements approximation},
   year      = {1983},
   publisher = {John {W}iley and {S}ons},
   address   = {New-York}
}


@article{ZieNol94,
   author    = {A. Zielhuis and G. Nolet},
   title     = {Shera-wave velocity variations in the upper mantle beneath central
       {E}urope},
   journal   = {Geophys. J. Int.},
   pages     = {695-715},
   year      = {1994},
   volume    = {117}
}


@Article{Zhou2004,
  author = 	 {Ying Zhou and F. A. Dahlen and Guust Nolet},
  title = 	 {Three-dimensional sensitivity kernels for surface wave observables},
  journal = 	 GJI,
  year = 	 {2004},
  volume = 	 {158},
  pages = 	 {142--168},
}


@article{aak70,
   author    = {Alterman, Z. S. and J. Aboudi and F. C. Karal},
   title     = {Pulse propagation in a laterally heterogeneous solid elastic sphere},
   journal   = {Geophys. J. R. Astron. Soc.},
   pages     = {243-260},
   year      = {1970},
   volume    = {21}
}


@article{AltermanKaral68,
   author    = {Alterman, Z. S. and F. C. Karal},
   title     = {Propagation of elastic waves in layered media by
finite-difference method},
   journal   = BSSA,
   pages     = {367-398},
   year      = {1968},
   volume    = {58}
}


@techreport{adm94,
   author    = {Mejdi Azaiez and Monique Dauge and Yvon Maday},
   title     = {M\'ethodes spectrales et des \'el\'ements spectraux},
   institution = {Institut de Recherche math\'ematique de Rennes},
   year      = {1994},
   month     = {Septembre},
   address   = {Universit\'e de Rennes I},
   number    = {17}
}

@article{ak68,
   author    = {Alterman, Z. S. and F. C. Karal},
   title     = {Propagation of elastic waves in layered media by finite-difference methods},
   journal   = {Bull. Seismol. Soc. Am.},
   pages     = {367-398},
   year      = {1968},
   volume    = {58}
}

@article{akb74,
   author    = {R. M. Alford and K. R. Kelly and D. M. Boore},
   title     = {Accuracy of finite-difference modelling of the acoustic wave equation},
   journal   = {Geophysics},
   pages     = {834-842},
   year      = {1974},
   volume    = {39}
}

@inproceedings{amp89,
   author    = {G. Anagnostou and Y. Maday and A. T. Patera},
   editor    = {R. Glowinski},
   title     = {On the mortar element method; generalizations and
       implementation},
   booktitle = {Third Int. Conference on Domain Decomposition Methods for
       Partial Differential Equations},
   year      = {1989},
   publisher = {SIAM}
}

@incollection{Boore72,
   author    = {D. M. Boore},
   title     = {Finite-difference method for seismic wave propagation in heterogeneous materials},
   volume    = {11},
   pages     = {1-37},
   year      = {1972},
   editor    = {Bolt, B. A.},
   publisher = {Academic Press, New York},
   booktitle = {Methods in Computationnal Physics}
}

@article{kwta76,
   author    = {K. R. Kelly and R. W. Ward and Sven Treitel and R. M. Alford},
   title     = {Synthetic seismograms, a finite difference approach},
   journal   = {Geophysics},
   pages     = {2-27},
   year      = {1976},
   volume    = {41}
}

@book{numrec,
   author    = {Press, W.H. and Teukolsky, S.A. and Vetterling, W.T. and
       Flannery, B.P.},
   title     = {Numerical Recipies},
   year      = 1988 ,
   publisher = {Cambridge University Press}
}

@phdthesis{tor95,
   author    = {N. Tordjman},
   title     = {\'El\'ements finis d'ordre \'elev\'es avec condensation de masse pour l'\'equation des
       ondes},
   year      = {1995},
   school    = {Université IX Dauphine},
   type      = {Thèse de doctorat}
}

@INCOLLECTION{bmp94,
  author =       "C. Bernardi and Y. Maday and A. T. Patera",
  title =        "A new nonconforming approach to domain decomposition: the
mortar element method",
  booktitle =    "Nonlinear Partial Differential Equations and Their
Applications",
  editor =       "H. Brezis and J.L. Lions",
  publisher =    "Pitman",
  adress =       "New York",
  year =         "1994",
  pages =        "13-51"
}

@INPROCEEDINGS{mmp88,
  author =       "Y. Maday and C. Mavriplis and A. T. Patera",
  title =        "Nonconforming mortar element methods: application to
spectral discretizations",
  booktitle =    "Second Int. Conference on Domain Decomposition Methods for
Partial Differential Equations",
  editor =       "T. Chan and R. Glowinski",
  publisher =    "SIAM",
  year =         "1988"
}

@PHDTHESIS{bb93,
  author =       "F. {Ben Belgacem}",
  title =        "Discr\'etisations 3{D} non conformes par la m\'ethode de
d\'ecomposition de domaine des
\'el\'ements avec joints : analyse math\'ematique et mise en oeuvre pour le
probl\`eme de {P}oisson",
  school =       "Université Pierre et Marie Curie",
  year =         "1993",
  type =         "Thèse de doctorat"
}

@ARTICLE{bbm94,
  author =       "F. {Ben Belgacem} and Y. Maday",
  title =        "A spectral element methodology tuned to parallel
implementations",
  journal =      "Comput. Methods Appl. Mech. Engrg. ",
  year =         "1994",
  volume =       "116",
  pages =        "59-67"
}

@incollection{MurTar85,
	Address = {Paris},
	Author = {Murat, F. and Tartar, L.},
	Booktitle = {Homogenization methods: theory and applications in physics (Br\'eau-sans-Nappe, 1983)},
	Date-Added = {2006-10-16 10:43:27 +0200},
	Date-Modified = {2006-10-16 10:45:47 +0200},
	Mrclass = {73K20 (49A50 73K40)},
	Mrnumber = {MR844873 (87i:73059)},
	Mrreviewer = {P. Ladeveze},
	Pages = {319--369},
	Publisher = {Eyrolles},
	Series = {Collect. Dir. \'Etudes Rech. \'Elec. France},
	Title = {Calcul des variations et homog\'en\'eisation},
	Volume = {57},
	Year = {1985}}

@article{All92,
	Author = {Allaire, Gr{\'e}goire},
	Date-Added = {2006-10-16 10:28:58 +0200},
	Date-Modified = {2006-10-16 10:30:09 +0200},
	Journal = {SIAM J. Math. Anal.},
	Pages = {1482---1518},
	Title = {Homogenization and two-scale convergence},
	Volume = {23},
	Year = {1992}}

@article{AllCon98,
	Author = {Allaire, Gr\'egoire and Conca, Carlos},
	Date-Added = {2006-10-16 10:23:59 +0200},
	Date-Modified = {2006-10-16 10:30:31 +0200},
	Journal = {SIAM J. Math. Anal.},
	Number = {2},
	Pages = {343--379},
	Title = {Boundary Layers in the Homogenization of a Spectral Problem in Fluid--Solid Structures},
	Volume = {29},
	Year = {1998}}

@book{BenLioPap78,
	Author = {Bensoussan, A. and Lions, J.-L. and Papanicolaou, G.},
	Date-Added = {2006-10-11 16:17:30 +0200},
	Date-Modified = {2006-10-11 16:24:02 +0200},
	Publisher = {North Holland},
	Title = {Asymptotic {A}nalysis of {P}eriodic {S}tructures},
	Year = {1978}}

@article{AurSan77,
	Author = {Auriault, J.-L. and Sanchez-Palencia, E.},
	Date-Added = {2006-10-11 15:41:10 +0200},
	Date-Modified = {2006-10-11 15:43:37 +0200},
	Journal = {J. M{\'e}canique},
	Number = {4},
	Pages = {575--603},
	Title = {\'{E}tude du comportement macroscopique d'un milieu poreux satur\'e d{\'e}formable.},
	Volume = {16},
	Year = {1977}}

@Misc{Laptev2005,
  author = 	 {V. Laptev},
  title = 	 {Two-scale extensions for non-periodic coefficients},
  howpublished = {arXiv:math.AP/0512123},
  year = 	 {2005}}

@book{San80,
	Address = {Berlin},
	Author = {Sanchez-Palencia, Enrique},
	Date-Added = {2006-10-11 15:31:55 +0200},
	Date-Modified = {2006-10-11 15:41:06 +0200},
	Number = {127},
	Publisher = {Springer},
	Series = {Lecture Notes in Physics},
	Title = {Non homogeneous media and vibration theory},
	Year = {1980}}

@article{Ama00,
	Author = {Amar, M.},
	Date-Added = {2007-06-26 10:19:33 +0200},
	Date-Modified = {2007-06-26 10:35:25 +0200},
	Fjournal = {Discrete and Continuous Dynamical Systems},
	Issn = {1078-0947},
	Journal = {Discrete Contin. Dynam. Systems},
	Mrclass = {35B27 (41A60)},
	Mrnumber = {MR1757386 (2001d:35020)},
	Mrreviewer = {Dan Poli{\u{s}}evski},
	Number = {3},
	Pages = {537--556},
	Title = {A note on boundary layer effects in periodic homogenization with {D}irichlet boundary conditions},
	Volume = {6},
	Year = {2000}}

@article{AllAma99,
	Author = {Allaire, Gr{\'e}goire and Amar, Micol},
	Date-Added = {2007-06-26 10:13:30 +0200},
	Date-Modified = {2007-06-26 10:35:25 +0200},
	Fjournal = {ESAIM. Control, Optimisation and Calculus of Variations. European Series in Applied and Industrial Mathematics},
	Issn = {1292-8119},
	Journal = {ESAIM Control Optim. Calc. Var.},
	Mrclass = {35B27 (35J20 74Q05)},
	Mrnumber = {MR1696289 (2000k:35019)},
	Mrreviewer = {Alain Brillard},
	Pages = {209--243 (electronic)},
	Title = {Boundary layer tails in periodic homogenization},
	Volume = {4},
	Year = {1999}}

@incollection{San87,
	Address = {Berlin},
	Author = {Sanchez-Palencia, E.},
	Booktitle = {Homogenization techniques for composite media (Udine, 1985)},
	Date-Added = {2007-06-26 10:07:54 +0200},
	Date-Modified = {2007-06-26 10:35:25 +0200},
	Mrclass = {73K20},
	Mrnumber = {MR902010},
	Pages = {121--192},
	Publisher = {Springer},
	Series = {Lecture Notes in Phys.},
	Title = {Boundary layers and edge effects in composites},
	Volume = {272},
	Year = {1987}}

@incollection{NguSan85,
	Address = {Amsterdam},
	Author = {Nguetseng, N. and Sanchez-Palencia, E.},
	Booktitle = {Local effects in the analysis of structures (Cachan, 1984)},
	Date-Added = {2007-06-26 10:02:44 +0200},
	Date-Modified = {2007-06-26 10:35:25 +0200},
	Pages = {55--74},
	Publisher = {Elsevier},
	Series = {Stud. Appl. Mech.},
	Title = {Stress concentration for defects distributed near a surface},
	Volume = {12},
	Year = {1985}}

